<?xml version="1.0" encoding="UTF-8"?><Document xsi:schemaLocation="urn:iso:std:iso:20022:tech:xsd:camt.053.001.04 camt.053.001.04.xsd" xmlns="urn:iso:std:iso:20022:tech:xsd:camt.053.001.04" xmlns:xsi="http://www.w3.org/2001/XMLSchema-instance"><BkToCstmrStmt><GrpHdr><MsgId>967298059122900</MsgId><CreDtTm>2017-10-25T00:42:21</CreDtTm><MsgRcpt><Nm>MONSIEUR TEST 1</Nm><Id><OrgId><AnyBIC>BCVLCH20XXX</AnyBIC></OrgId></Id></MsgRcpt><MsgPgntn><PgNb>1</PgNb><LastPgInd>true</LastPgInd></MsgPgntn></GrpHdr><Stmt><Id>707298169122400</Id><ElctrncSeqNb>10</ElctrncSeqNb><CreDtTm>2017-10-25T00:42:21</CreDtTm><FrToDt><FrDtTm>2017-10-24T00:00:00</FrDtTm><ToDtTm>2017-10-24T00:00:00</ToDtTm></FrToDt><Acct><Id><IBAN>CH5300767000R54206965</IBAN></Id></Acct><Bal><Tp><CdOrPrtry><Cd>OPBD</Cd></CdOrPrtry></Tp><Amt Ccy="CHF">23204.65</Amt><CdtDbtInd>CRDT</CdtDbtInd><Dt><Dt>2017-10-24</Dt></Dt></Bal><Bal><Tp><CdOrPrtry><Cd>CLBD</Cd></CdOrPrtry></Tp><Amt Ccy="CHF">19375.15</Amt><CdtDbtInd>CRDT</CdtDbtInd><Dt><Dt>2017-10-24</Dt></Dt></Bal><Ntry><Amt Ccy="CHF">88</Amt><CdtDbtInd>DBIT</CdtDbtInd><Sts>BOOK</Sts><BookgDt><Dt>2017-10-24</Dt></BookgDt><ValDt><Dt>2017-10-24</Dt></ValDt><AcctSvcrRef>322830300417297/3</AcctSvcrRef><BkTxCd><Domn><Cd>PMNT</Cd><Fmly><Cd>ICDT</Cd><SubFmlyCd>AUTT</SubFmlyCd></Fmly></Domn></BkTxCd><NtryDtls><TxDtls><Refs><MsgId>951.387.200.417.297 / 00002</MsgId><EndToEndId>CLXPM00000000002</EndToEndId></Refs><Amt Ccy="CHF">54</Amt><CdtDbtInd>CRDT</CdtDbtInd><RmtInf><Strd><CdtrRefInf><Ref>579187021201116900020461946</Ref></CdtrRefInf></Strd></RmtInf><RltdDts><IntrBkSttlmDt>2017-10-24</IntrBkSttlmDt></RltdDts></TxDtls><TxDtls><Refs><MsgId>940.917.200.417.297 / 00001</MsgId><EndToEndId>CLXPM00000000001</EndToEndId></Refs><Amt Ccy="CHF">34</Amt><CdtDbtInd>CRDT</CdtDbtInd><RmtInf><Strd><CdtrRefInf><Ref>579187021201116900020461946</Ref></CdtrRefInf></Strd></RmtInf><RltdDts><IntrBkSttlmDt>2017-10-24</IntrBkSttlmDt></RltdDts></TxDtls></NtryDtls></Ntry><Ntry><Amt Ccy="CHF">3.6</Amt><CdtDbtInd>CRDT</CdtDbtInd><Sts>BOOK</Sts><BookgDt><Dt>2017-10-24</Dt></BookgDt><ValDt><Dt>2017-10-24</Dt></ValDt><AcctSvcrRef>152760766617297/1</AcctSvcrRef><BkTxCd><Domn><Cd>PMNT</Cd><Fmly><Cd>RCDT</Cd><SubFmlyCd>VCOM</SubFmlyCd></Fmly></Domn></BkTxCd><NtryDtls><TxDtls><Amt Ccy="CHF">3.6</Amt><CdtDbtInd>CRDT</CdtDbtInd></TxDtls></NtryDtls></Ntry><Ntry><Amt Ccy="CHF">791.7</Amt><CdtDbtInd>DBIT</CdtDbtInd><Sts>BOOK</Sts><BookgDt><Dt>2017-10-24</Dt></BookgDt><ValDt><Dt>2017-10-25</Dt></ValDt><AcctSvcrRef>614924845517297/3</AcctSvcrRef><BkTxCd><Domn><Cd>PMNT</Cd><Fmly><Cd>ICDT</Cd><SubFmlyCd>AUTT</SubFmlyCd></Fmly></Domn></BkTxCd><NtryDtls><TxDtls><Refs><MsgId>425.391.845.517.297 / 00001</MsgId><EndToEndId>ETE3CF28042861B436FA89999D76FA14396</EndToEndId></Refs><Amt Ccy="CHF">27.9</Amt><CdtDbtInd>CRDT</CdtDbtInd><RmtInf><Strd><CdtrRefInf><Ref>579187021201116900020461946</Ref></CdtrRefInf></Strd></RmtInf><RltdDts><IntrBkSttlmDt>2017-10-25</IntrBkSttlmDt></RltdDts></TxDtls><TxDtls><Refs><MsgId>540.143.845.517.297 / 00005</MsgId><EndToEndId>ETE2C7F7F78DA2A4F2D86B89A72141A89CF</EndToEndId></Refs><Amt Ccy="CHF">453.8</Amt><CdtDbtInd>CRDT</CdtDbtInd><RmtInf><Strd><CdtrRefInf><Ref>579187021201116900020461946</Ref></CdtrRefInf></Strd></RmtInf><RltdDts><IntrBkSttlmDt>2017-10-25</IntrBkSttlmDt></RltdDts></TxDtls><TxDtls><Refs><MsgId>221.062.845.517.297 / 00003</MsgId><EndToEndId>ETEC49084B4AA9943189C6A0AD7F824E97B</EndToEndId></Refs><Amt Ccy="CHF">54</Amt><CdtDbtInd>CRDT</CdtDbtInd><RmtInf><Strd><CdtrRefInf><Ref>579187021201116900020461946</Ref></CdtrRefInf></Strd></RmtInf><RltdDts><IntrBkSttlmDt>2017-10-25</IntrBkSttlmDt></RltdDts></TxDtls><TxDtls><Refs><MsgId>176.242.845.517.297 / 00002</MsgId><EndToEndId>ETE1666E61EE9D449019C860ECD88383C0D</EndToEndId></Refs><Amt Ccy="CHF">34</Amt><CdtDbtInd>CRDT</CdtDbtInd><RmtInf><Strd><CdtrRefInf><Ref>579187021201116900020461946</Ref></CdtrRefInf></Strd></RmtInf><RltdDts><IntrBkSttlmDt>2017-10-25</IntrBkSttlmDt></RltdDts></TxDtls><TxDtls><Refs><MsgId>743.223.845.517.297 / 00004</MsgId><EndToEndId>ETE02A23077A4DA4EE3B2ADCA6E723BB3B3</EndToEndId></Refs><Amt Ccy="CHF">222</Amt><CdtDbtInd>CRDT</CdtDbtInd><RmtInf><Strd><CdtrRefInf><Ref>579187021201116900020461946</Ref></CdtrRefInf></Strd></RmtInf><RltdDts><IntrBkSttlmDt>2017-10-25</IntrBkSttlmDt></RltdDts></TxDtls></NtryDtls></Ntry><Ntry><Amt Ccy="CHF">481.7</Amt><CdtDbtInd>DBIT</CdtDbtInd><Sts>BOOK</Sts><BookgDt><Dt>2017-10-24</Dt></BookgDt><ValDt><Dt>2017-10-24</Dt></ValDt><AcctSvcrRef>134024630417297/1</AcctSvcrRef><BkTxCd><Domn><Cd>PMNT</Cd><Fmly><Cd>ICDT</Cd><SubFmlyCd>AUTT</SubFmlyCd></Fmly></Domn></BkTxCd><NtryDtls><TxDtls><Refs><MsgId>761.103.630.417.297 / 00001</MsgId><EndToEndId>ETEECE0C511CCE04ED7A9BFAE4BE2385639</EndToEndId></Refs><Amt Ccy="CHF">27.9</Amt><CdtDbtInd>CRDT</CdtDbtInd><RmtInf><Strd><CdtrRefInf><Ref>579187021201116900020461946</Ref></CdtrRefInf></Strd></RmtInf><RltdDts><IntrBkSttlmDt>2017-10-24</IntrBkSttlmDt></RltdDts></TxDtls><TxDtls><Refs><MsgId>374.233.630.417.297 / 00002</MsgId><EndToEndId>ETE3A03D9F23C0B43C7B76C102D1BBCAFD1</EndToEndId></Refs><Amt Ccy="CHF">453.8</Amt><CdtDbtInd>CRDT</CdtDbtInd><RmtInf><Strd><CdtrRefInf><Ref>579187021201116900020461946</Ref></CdtrRefInf></Strd></RmtInf><RltdDts><IntrBkSttlmDt>2017-10-24</IntrBkSttlmDt></RltdDts></TxDtls></NtryDtls></Ntry><Ntry><Amt Ccy="CHF">14</Amt><CdtDbtInd>DBIT</CdtDbtInd><Sts>BOOK</Sts><BookgDt><Dt>2017-10-24</Dt></BookgDt><ValDt><Dt>2017-10-24</Dt></ValDt><AcctSvcrRef>877763102517297/2</AcctSvcrRef><BkTxCd><Domn><Cd>PMNT</Cd><Fmly><Cd>ICDT</Cd><SubFmlyCd>AUTT</SubFmlyCd></Fmly></Domn></BkTxCd><NtryDtls><TxDtls><Refs><MsgId>094.513.102.517.297 / 00001</MsgId><EndToEndId>ETE3AD2419B8290462591297272D4167C51</EndToEndId></Refs><Amt Ccy="CHF">7</Amt><CdtDbtInd>CRDT</CdtDbtInd><RmtInf><Strd><CdtrRefInf><Ref>579187021201116900020461946</Ref></CdtrRefInf></Strd></RmtInf><RltdDts><IntrBkSttlmDt>2017-10-24</IntrBkSttlmDt></RltdDts></TxDtls><TxDtls><Refs><MsgId>803.833.102.517.297 / 00002</MsgId><EndToEndId>ETE1624DAF0CB1745D6B9A3FFA5686DE027</EndToEndId></Refs><Amt Ccy="CHF">7</Amt><CdtDbtInd>CRDT</CdtDbtInd><RmtInf><Strd><CdtrRefInf><Ref>579187021201116900020461946</Ref></CdtrRefInf></Strd></RmtInf><RltdDts><IntrBkSttlmDt>2017-10-24</IntrBkSttlmDt></RltdDts></TxDtls></NtryDtls></Ntry><Ntry><Amt Ccy="CHF">899</Amt><CdtDbtInd>DBIT</CdtDbtInd><Sts>BOOK</Sts><BookgDt><Dt>2017-10-24</Dt></BookgDt><ValDt><Dt>2017-10-24</Dt></ValDt><AcctSvcrRef>826047002517297/1</AcctSvcrRef><BkTxCd><Domn><Cd>PMNT</Cd><Fmly><Cd>ICDT</Cd><SubFmlyCd>AUTT</SubFmlyCd></Fmly></Domn></BkTxCd><NtryDtls><TxDtls><Refs><MsgId>616.995.002.517.297 / 00003</MsgId><EndToEndId>ETED00E3652C99645669BEECBCDF629C341</EndToEndId></Refs><Amt Ccy="CHF">7</Amt><CdtDbtInd>CRDT</CdtDbtInd><RmtInf><Strd><CdtrRefInf><Ref>579187021201116900020461946</Ref></CdtrRefInf></Strd></RmtInf><RltdDts><IntrBkSttlmDt>2017-10-24</IntrBkSttlmDt></RltdDts></TxDtls><TxDtls><Refs><MsgId>306.956.002.517.297 / 00005</MsgId><EndToEndId>ETE3DEA4C6197AF44A3AFBA37B0DA7E720B</EndToEndId></Refs><Amt Ccy="CHF">111</Amt><CdtDbtInd>CRDT</CdtDbtInd><RmtInf><Strd><CdtrRefInf><Ref>579187021201116900020461946</Ref></CdtrRefInf></Strd></RmtInf><RltdDts><IntrBkSttlmDt>2017-10-24</IntrBkSttlmDt></RltdDts></TxDtls><TxDtls><Refs><MsgId>022.246.002.517.297 / 00004</MsgId><EndToEndId>ETE9C9B008744DC41888C2A728710307AFA</EndToEndId></Refs><Amt Ccy="CHF">111</Amt><CdtDbtInd>CRDT</CdtDbtInd><RmtInf><Strd><CdtrRefInf><Ref>579187021201116900020461946</Ref></CdtrRefInf></Strd></RmtInf><RltdDts><IntrBkSttlmDt>2017-10-24</IntrBkSttlmDt></RltdDts></TxDtls><TxDtls><Refs><MsgId>723.275.002.517.297 / 00002</MsgId><EndToEndId>ETE772B4C5EF61344D886DDA6442BD903C8</EndToEndId></Refs><Amt Ccy="CHF">1</Amt><CdtDbtInd>CRDT</CdtDbtInd><RmtInf><Strd><CdtrRefInf><Ref>579187021201116900020461946</Ref></CdtrRefInf></Strd></RmtInf><RltdDts><IntrBkSttlmDt>2017-10-24</IntrBkSttlmDt></RltdDts></TxDtls><TxDtls><Refs><MsgId>163.966.002.517.297 / 00006</MsgId><EndToEndId>ETE2B3A7AAE80A9411088BBBFFA521FA664</EndToEndId></Refs><Amt Ccy="CHF">123</Amt><CdtDbtInd>CRDT</CdtDbtInd><RmtInf><Strd><CdtrRefInf><Ref>579187021201116900020461946</Ref></CdtrRefInf></Strd></RmtInf><RltdDts><IntrBkSttlmDt>2017-10-24</IntrBkSttlmDt></RltdDts></TxDtls><TxDtls><Refs><MsgId>868.486.002.517.297 / 00007</MsgId><EndToEndId>ETE2596456CBEB34F509425E23FB8C53DD2</EndToEndId></Refs><Amt Ccy="CHF">545</Amt><CdtDbtInd>CRDT</CdtDbtInd><RmtInf><Strd><CdtrRefInf><Ref>579187021201116900020461946</Ref></CdtrRefInf></Strd></RmtInf><RltdDts><IntrBkSttlmDt>2017-10-24</IntrBkSttlmDt></RltdDts></TxDtls><TxDtls><Refs><MsgId>806.894.002.517.297 / 00001</MsgId><EndToEndId>ETED2F6AA6F90EC43C3AE280B4511B99094</EndToEndId></Refs><Amt Ccy="CHF">1</Amt><CdtDbtInd>CRDT</CdtDbtInd><RmtInf><Strd><CdtrRefInf><Ref>579187021201116900020461946</Ref></CdtrRefInf></Strd></RmtInf><RltdDts><IntrBkSttlmDt>2017-10-24</IntrBkSttlmDt></RltdDts></TxDtls></NtryDtls></Ntry><Ntry><Amt Ccy="CHF">1558.7</Amt><CdtDbtInd>DBIT</CdtDbtInd><Sts>BOOK</Sts><BookgDt><Dt>2017-10-24</Dt></BookgDt><ValDt><Dt>2017-10-25</Dt></ValDt><AcctSvcrRef>449346576517297/15</AcctSvcrRef><BkTxCd><Domn><Cd>PMNT</Cd><Fmly><Cd>ICDT</Cd><SubFmlyCd>AUTT</SubFmlyCd></Fmly></Domn></BkTxCd><NtryDtls><TxDtls><Refs><MsgId>838.224.576.517.297 / 00006</MsgId><EndToEndId>ETE58502EFC66D74B688440263C1DF250EA</EndToEndId></Refs><Amt Ccy="CHF">7</Amt><CdtDbtInd>CRDT</CdtDbtInd><RmtInf><Strd><CdtrRefInf><Ref>579187021201116900020461946</Ref></CdtrRefInf></Strd></RmtInf><RltdDts><IntrBkSttlmDt>2017-10-25</IntrBkSttlmDt></RltdDts></TxDtls><TxDtls><Refs><MsgId>977.435.576.517.297 / 00014</MsgId><EndToEndId>ETE7DCDD31121C94AE198D0F34F00408844</EndToEndId></Refs><Amt Ccy="CHF">111</Amt><CdtDbtInd>CRDT</CdtDbtInd><RmtInf><Strd><CdtrRefInf><Ref>579187021201116900020461946</Ref></CdtrRefInf></Strd></RmtInf><RltdDts><IntrBkSttlmDt>2017-10-25</IntrBkSttlmDt></RltdDts></TxDtls><TxDtls><Refs><MsgId>743.704.576.517.297 / 00005</MsgId><EndToEndId>ETE5E28E445EAD14A72999C8E0B86C508A2</EndToEndId></Refs><Amt Ccy="CHF">7</Amt><CdtDbtInd>CRDT</CdtDbtInd><RmtInf><Strd><CdtrRefInf><Ref>579187021201116900020461946</Ref></CdtrRefInf></Strd></RmtInf><RltdDts><IntrBkSttlmDt>2017-10-25</IntrBkSttlmDt></RltdDts></TxDtls><TxDtls><Refs><MsgId>315.374.576.517.297 / 00009</MsgId><EndToEndId>ETE54E24E561985405F93B80D8C93486F15</EndToEndId></Refs><Amt Ccy="CHF">12</Amt><CdtDbtInd>CRDT</CdtDbtInd><RmtInf><Strd><CdtrRefInf><Ref>579187021201116900020461946</Ref></CdtrRefInf></Strd></RmtInf><RltdDts><IntrBkSttlmDt>2017-10-25</IntrBkSttlmDt></RltdDts></TxDtls><TxDtls><Refs><MsgId>325.983.576.517.297 / 00004</MsgId><EndToEndId>ETE168C856C60FF46318DDFE7865B0C130B</EndToEndId></Refs><Amt Ccy="CHF">7</Amt><CdtDbtInd>CRDT</CdtDbtInd><RmtInf><Strd><CdtrRefInf><Ref>579187021201116900020461946</Ref></CdtrRefInf></Strd></RmtInf><RltdDts><IntrBkSttlmDt>2017-10-25</IntrBkSttlmDt></RltdDts></TxDtls><TxDtls><Refs><MsgId>712.055.576.517.297 / 00015</MsgId><EndToEndId>ETE1F4885F3366947C7B40282D9B55CA9A0</EndToEndId></Refs><Amt Ccy="CHF">111</Amt><CdtDbtInd>CRDT</CdtDbtInd><RmtInf><Strd><CdtrRefInf><Ref>579187021201116900020461946</Ref></CdtrRefInf></Strd></RmtInf><RltdDts><IntrBkSttlmDt>2017-10-25</IntrBkSttlmDt></RltdDts></TxDtls><TxDtls><Refs><MsgId>439.043.576.517.297 / 00002</MsgId><EndToEndId>ETEDB7B39DAA53D476C9CBCCD6DDC4A0CA3</EndToEndId></Refs><Amt Ccy="CHF">1</Amt><CdtDbtInd>CRDT</CdtDbtInd><RmtInf><Strd><CdtrRefInf><Ref>579187021201116900020461946</Ref></CdtrRefInf></Strd></RmtInf><RltdDts><IntrBkSttlmDt>2017-10-25</IntrBkSttlmDt></RltdDts></TxDtls><TxDtls><Refs><MsgId>626.025.576.517.297 / 00013</MsgId><EndToEndId>ETED8BA252BDB2B4A46BEC900D347054D0A</EndToEndId></Refs><Amt Ccy="CHF">54</Amt><CdtDbtInd>CRDT</CdtDbtInd><RmtInf><Strd><CdtrRefInf><Ref>579187021201116900020461946</Ref></CdtrRefInf></Strd></RmtInf><RltdDts><IntrBkSttlmDt>2017-10-25</IntrBkSttlmDt></RltdDts></TxDtls><TxDtls><Refs><MsgId>473.855.576.517.297 / 00016</MsgId><EndToEndId>ETE104AF81B4C6C4555ADBD68EBEAC0DEAB</EndToEndId></Refs><Amt Ccy="CHF">123</Amt><CdtDbtInd>CRDT</CdtDbtInd><RmtInf><Strd><CdtrRefInf><Ref>579187021201116900020461946</Ref></CdtrRefInf></Strd></RmtInf><RltdDts><IntrBkSttlmDt>2017-10-25</IntrBkSttlmDt></RltdDts></TxDtls><TxDtls><Refs><MsgId>393.384.576.517.297 / 00010</MsgId><EndToEndId>ETE8F221DE2506842EAAA53BC15F2DA247F</EndToEndId></Refs><Amt Ccy="CHF">27.9</Amt><CdtDbtInd>CRDT</CdtDbtInd><RmtInf><Strd><CdtrRefInf><Ref>579187021201116900020461946</Ref></CdtrRefInf></Strd></RmtInf><RltdDts><IntrBkSttlmDt>2017-10-25</IntrBkSttlmDt></RltdDts></TxDtls><TxDtls><Refs><MsgId>887.463.576.517.297 / 00003</MsgId><EndToEndId>ETE06F6D5AA02E44F3792D7687319A41874</EndToEndId></Refs><Amt Ccy="CHF">7</Amt><CdtDbtInd>CRDT</CdtDbtInd><RmtInf><Strd><CdtrRefInf><Ref>579187021201116900020461946</Ref></CdtrRefInf></Strd></RmtInf><RltdDts><IntrBkSttlmDt>2017-10-25</IntrBkSttlmDt></RltdDts></TxDtls><TxDtls><Refs><MsgId>571.905.576.517.297 / 00012</MsgId><EndToEndId>ETEF11FE2A57A4743C2AF57BA8C3AB1B87B</EndToEndId></Refs><Amt Ccy="CHF">43</Amt><CdtDbtInd>CRDT</CdtDbtInd><RmtInf><Strd><CdtrRefInf><Ref>579187021201116900020461946</Ref></CdtrRefInf></Strd></RmtInf><RltdDts><IntrBkSttlmDt>2017-10-25</IntrBkSttlmDt></RltdDts></TxDtls><TxDtls><Refs><MsgId>623.975.576.517.297 / 00018</MsgId><EndToEndId>ETE1EDB3129994D4AD383DB1E9901A22C3E</EndToEndId></Refs><Amt Ccy="CHF">545</Amt><CdtDbtInd>CRDT</CdtDbtInd><RmtInf><Strd><CdtrRefInf><Ref>579187021201116900020461946</Ref></CdtrRefInf></Strd></RmtInf><RltdDts><IntrBkSttlmDt>2017-10-25</IntrBkSttlmDt></RltdDts></TxDtls><TxDtls><Refs><MsgId>131.203.576.517.297 / 00001</MsgId><EndToEndId>ETEEA1600E117DA4BA8AB6F459AD0AC7C0B</EndToEndId></Refs><Amt Ccy="CHF">1</Amt><CdtDbtInd>CRDT</CdtDbtInd><RmtInf><Strd><CdtrRefInf><Ref>579187021201116900020461946</Ref></CdtrRefInf></Strd></RmtInf><RltdDts><IntrBkSttlmDt>2017-10-25</IntrBkSttlmDt></RltdDts></TxDtls><TxDtls><Refs><MsgId>920.834.576.517.297 / 00007</MsgId><EndToEndId>ETEC5B8CE57226443F0AF08DB261E23B4B7</EndToEndId></Refs><Amt Ccy="CHF">7</Amt><CdtDbtInd>CRDT</CdtDbtInd><RmtInf><Strd><CdtrRefInf><Ref>579187021201116900020461946</Ref></CdtrRefInf></Strd></RmtInf><RltdDts><IntrBkSttlmDt>2017-10-25</IntrBkSttlmDt></RltdDts></TxDtls><TxDtls><Refs><MsgId>241.105.576.517.297 / 00011</MsgId><EndToEndId>ETEF77769CD9E7F49049386CD72EF5F37B1</EndToEndId></Refs><Amt Ccy="CHF">34</Amt><CdtDbtInd>CRDT</CdtDbtInd><RmtInf><Strd><CdtrRefInf><Ref>579187021201116900020461946</Ref></CdtrRefInf></Strd></RmtInf><RltdDts><IntrBkSttlmDt>2017-10-25</IntrBkSttlmDt></RltdDts></TxDtls><TxDtls><Refs><MsgId>700.654.576.517.297 / 00008</MsgId><EndToEndId>ETE4488B1C322CD474DB18B538C4B7ECF65</EndToEndId></Refs><Amt Ccy="CHF">7</Amt><CdtDbtInd>CRDT</CdtDbtInd><RmtInf><Strd><CdtrRefInf><Ref>579187021201116900020461946</Ref></CdtrRefInf></Strd></RmtInf><RltdDts><IntrBkSttlmDt>2017-10-25</IntrBkSttlmDt></RltdDts></TxDtls><TxDtls><Refs><MsgId>097.865.576.517.297 / 00017</MsgId><EndToEndId>ETEE61E97C6231D416CA1DE52064FDCAE24</EndToEndId></Refs><Amt Ccy="CHF">453.8</Amt><CdtDbtInd>CRDT</CdtDbtInd><RmtInf><Strd><CdtrRefInf><Ref>579187021201116900020461946</Ref></CdtrRefInf></Strd></RmtInf><RltdDts><IntrBkSttlmDt>2017-10-25</IntrBkSttlmDt></RltdDts></TxDtls></NtryDtls></Ntry></Stmt></BkToCstmrStmt></Document>