<?xml version="1.0" encoding="UTF-8"?><Document xsi:schemaLocation="urn:iso:std:iso:20022:tech:xsd:camt.053.001.04 camt.053.001.04.xsd" xmlns="urn:iso:std:iso:20022:tech:xsd:camt.053.001.04" xmlns:xsi="http://www.w3.org/2001/XMLSchema-instance"><BkToCstmrStmt><GrpHdr><MsgId>247301693240000</MsgId><CreDtTm>2017-10-28T00:59:32</CreDtTm><MsgRcpt><Nm>MONSIEUR TEST 1</Nm><Id><OrgId><AnyBIC>BCVLCH20XXX</AnyBIC></OrgId></Id></MsgRcpt><MsgPgntn><PgNb>1</PgNb><LastPgInd>true</LastPgInd></MsgPgntn></GrpHdr><Stmt><Id>467301014239500</Id><ElctrncSeqNb>6</ElctrncSeqNb><CreDtTm>2017-10-28T00:59:32</CreDtTm><FrToDt><FrDtTm>2017-10-27T00:00:00</FrDtTm><ToDtTm>2017-10-27T00:00:00</ToDtTm></FrToDt><Acct><Id><IBAN>CH9000767000T04360650</IBAN></Id></Acct><Bal><Tp><CdOrPrtry><Cd>OPBD</Cd></CdOrPrtry></Tp><Amt Ccy="CHF">7963941.05</Amt><CdtDbtInd>CRDT</CdtDbtInd><Dt><Dt>2017-10-27</Dt></Dt></Bal><Bal><Tp><CdOrPrtry><Cd>CLBD</Cd></CdOrPrtry></Tp><Amt Ccy="CHF">7963869.6</Amt><CdtDbtInd>CRDT</CdtDbtInd><Dt><Dt>2017-10-27</Dt></Dt></Bal><Ntry><Amt Ccy="CHF">2.35</Amt><CdtDbtInd>DBIT</CdtDbtInd><Sts>BOOK</Sts><BookgDt><Dt>2017-10-27</Dt></BookgDt><ValDt><Dt>2017-10-27</Dt></ValDt><AcctSvcrRef>188654835217300/1</AcctSvcrRef><BkTxCd><Domn><Cd>PMNT</Cd><Fmly><Cd>ICDT</Cd><SubFmlyCd>AUTT</SubFmlyCd></Fmly></Domn></BkTxCd><NtryDtls><TxDtls><Refs><MsgId>611.244.835.217.300 / 00001</MsgId><EndToEndId>572713535217300</EndToEndId></Refs><Amt Ccy="CHF">2.35</Amt><CdtDbtInd>CRDT</CdtDbtInd><RmtInf><Strd><CdtrRefInf><Ref>005002000000000000000020129</Ref></CdtrRefInf></Strd></RmtInf><RltdDts><IntrBkSttlmDt>2017-10-27</IntrBkSttlmDt></RltdDts></TxDtls></NtryDtls></Ntry><Ntry><Amt Ccy="CHF">3.45</Amt><CdtDbtInd>DBIT</CdtDbtInd><Sts>BOOK</Sts><BookgDt><Dt>2017-10-27</Dt></BookgDt><ValDt><Dt>2017-10-27</Dt></ValDt><AcctSvcrRef>674957735217300/2</AcctSvcrRef><BkTxCd><Domn><Cd>PMNT</Cd><Fmly><Cd>ICDT</Cd><SubFmlyCd>AUTT</SubFmlyCd></Fmly></Domn></BkTxCd><NtryDtls><TxDtls><Refs><MsgId>526.646.735.217.300 / 00001</MsgId><EndToEndId>079282535217300</EndToEndId></Refs><Amt Ccy="CHF">3.45</Amt><CdtDbtInd>CRDT</CdtDbtInd><RmtInf><Strd><CdtrRefInf><Ref>007098000000000000000000013</Ref></CdtrRefInf></Strd></RmtInf><RltdDts><IntrBkSttlmDt>2017-10-27</IntrBkSttlmDt></RltdDts></TxDtls></NtryDtls></Ntry><Ntry><Amt Ccy="CHF">5.6</Amt><CdtDbtInd>DBIT</CdtDbtInd><Sts>BOOK</Sts><BookgDt><Dt>2017-10-27</Dt></BookgDt><ValDt><Dt>2017-10-27</Dt></ValDt><AcctSvcrRef>904111835217300/1</AcctSvcrRef><BkTxCd><Domn><Cd>PMNT</Cd><Fmly><Cd>ICDT</Cd><SubFmlyCd>AUTT</SubFmlyCd></Fmly></Domn></BkTxCd><NtryDtls><TxDtls><Refs><MsgId>644.180.835.217.300 / 00001</MsgId><EndToEndId>473360535217300</EndToEndId></Refs><Amt Ccy="CHF">5.6</Amt><CdtDbtInd>CRDT</CdtDbtInd><RmtInf><Strd><CdtrRefInf><Ref>110754000000000000000000029</Ref></CdtrRefInf></Strd></RmtInf><RltdDts><IntrBkSttlmDt>2017-10-27</IntrBkSttlmDt></RltdDts></TxDtls></NtryDtls></Ntry><Ntry><Amt Ccy="CHF">12.3</Amt><CdtDbtInd>DBIT</CdtDbtInd><Sts>BOOK</Sts><BookgDt><Dt>2017-10-27</Dt></BookgDt><ValDt><Dt>2017-10-27</Dt></ValDt><AcctSvcrRef>791835217300/2</AcctSvcrRef><BkTxCd><Domn><Cd>PMNT</Cd><Fmly><Cd>ICDT</Cd><SubFmlyCd>AUTT</SubFmlyCd></Fmly></Domn></BkTxCd><NtryDtls><TxDtls><Refs><MsgId>681.261.835.217.300 / 00001</MsgId><EndToEndId>119363535217300</EndToEndId></Refs><Amt Ccy="CHF">12.3</Amt><CdtDbtInd>CRDT</CdtDbtInd><RmtInf><Strd><CdtrRefInf><Ref>005002000000000000000020129</Ref></CdtrRefInf></Strd></RmtInf><RltdDts><IntrBkSttlmDt>2017-10-27</IntrBkSttlmDt></RltdDts></TxDtls></NtryDtls></Ntry><Ntry><Amt Ccy="CHF">4.5</Amt><CdtDbtInd>DBIT</CdtDbtInd><Sts>BOOK</Sts><BookgDt><Dt>2017-10-27</Dt></BookgDt><ValDt><Dt>2017-10-27</Dt></ValDt><AcctSvcrRef>703272835217300/2</AcctSvcrRef><BkTxCd><Domn><Cd>PMNT</Cd><Fmly><Cd>ICDT</Cd><SubFmlyCd>AUTT</SubFmlyCd></Fmly></Domn></BkTxCd><NtryDtls><TxDtls><Refs><MsgId>048.242.835.217.300 / 00001</MsgId><EndToEndId>573839435217300</EndToEndId></Refs><Amt Ccy="CHF">4.5</Amt><CdtDbtInd>CRDT</CdtDbtInd><RmtInf><Strd><CdtrRefInf><Ref>110754000000000000000000029</Ref></CdtrRefInf></Strd></RmtInf><RltdDts><IntrBkSttlmDt>2017-10-27</IntrBkSttlmDt></RltdDts></TxDtls></NtryDtls></Ntry><Ntry><Amt Ccy="CHF">1.1</Amt><CdtDbtInd>DBIT</CdtDbtInd><Sts>BOOK</Sts><BookgDt><Dt>2017-10-27</Dt></BookgDt><ValDt><Dt>2017-10-27</Dt></ValDt><AcctSvcrRef>639125835217300/1</AcctSvcrRef><BkTxCd><Domn><Cd>PMNT</Cd><Fmly><Cd>ICDT</Cd><SubFmlyCd>AUTT</SubFmlyCd></Fmly></Domn></BkTxCd><NtryDtls><TxDtls><Refs><MsgId>987.394.835.217.300 / 00001</MsgId><EndToEndId>768532535217300</EndToEndId></Refs><Amt Ccy="CHF">1.1</Amt><CdtDbtInd>CRDT</CdtDbtInd><RmtInf><Strd><CdtrRefInf><Ref>007098000000000000000000013</Ref></CdtrRefInf></Strd></RmtInf><RltdDts><IntrBkSttlmDt>2017-10-27</IntrBkSttlmDt></RltdDts></TxDtls></NtryDtls></Ntry><Ntry><Amt Ccy="CHF">23.4</Amt><CdtDbtInd>DBIT</CdtDbtInd><Sts>BOOK</Sts><BookgDt><Dt>2017-10-27</Dt></BookgDt><ValDt><Dt>2017-10-27</Dt></ValDt><AcctSvcrRef>997616835217300/2</AcctSvcrRef><BkTxCd><Domn><Cd>PMNT</Cd><Fmly><Cd>ICDT</Cd><SubFmlyCd>AUTT</SubFmlyCd></Fmly></Domn></BkTxCd><NtryDtls><TxDtls><Refs><MsgId>511.585.835.217.300 / 00001</MsgId><EndToEndId>175831535217300</EndToEndId></Refs><Amt Ccy="CHF">23.4</Amt><CdtDbtInd>CRDT</CdtDbtInd><RmtInf><Strd><CdtrRefInf><Ref>110753000000000000000000026</Ref></CdtrRefInf></Strd></RmtInf><RltdDts><IntrBkSttlmDt>2017-10-27</IntrBkSttlmDt></RltdDts></TxDtls></NtryDtls></Ntry><Ntry><Amt Ccy="CHF">12.05</Amt><CdtDbtInd>DBIT</CdtDbtInd><Sts>BOOK</Sts><BookgDt><Dt>2017-10-27</Dt></BookgDt><ValDt><Dt>2017-10-27</Dt></ValDt><AcctSvcrRef>878447270117300/3</AcctSvcrRef><BkTxCd><Domn><Cd>PMNT</Cd><Fmly><Cd>ICDT</Cd><SubFmlyCd>AUTT</SubFmlyCd></Fmly></Domn></BkTxCd><NtryDtls><TxDtls><Refs><MsgId>953.986.270.117.300 / 00001</MsgId><EndToEndId>057414059017300</EndToEndId></Refs><Amt Ccy="CHF">3.45</Amt><CdtDbtInd>CRDT</CdtDbtInd><RmtInf><Strd><CdtrRefInf><Ref>110753000000000000000000026</Ref></CdtrRefInf></Strd></RmtInf><RltdDts><IntrBkSttlmDt>2017-10-27</IntrBkSttlmDt></RltdDts></TxDtls><TxDtls><Refs><MsgId>041.227.270.117.300 / 00004</MsgId><EndToEndId>623134059017300</EndToEndId></Refs><Amt Ccy="CHF">2.25</Amt><CdtDbtInd>CRDT</CdtDbtInd><RmtInf><Strd><CdtrRefInf><Ref>110754000000000000000000029</Ref></CdtrRefInf></Strd></RmtInf><RltdDts><IntrBkSttlmDt>2017-10-27</IntrBkSttlmDt></RltdDts></TxDtls><TxDtls><Refs><MsgId>223.317.270.117.300 / 00003</MsgId><EndToEndId>020624059017300</EndToEndId></Refs><Amt Ccy="CHF">1.9</Amt><CdtDbtInd>CRDT</CdtDbtInd><RmtInf><Strd><CdtrRefInf><Ref>110754000000000000000000029</Ref></CdtrRefInf></Strd></RmtInf><RltdDts><IntrBkSttlmDt>2017-10-27</IntrBkSttlmDt></RltdDts></TxDtls><TxDtls><Refs><MsgId>893.507.270.117.300 / 00002</MsgId><EndToEndId>548024059017300</EndToEndId></Refs><Amt Ccy="CHF">4.45</Amt><CdtDbtInd>CRDT</CdtDbtInd><RmtInf><Strd><CdtrRefInf><Ref>110753000000000000000000026</Ref></CdtrRefInf></Strd></RmtInf><RltdDts><IntrBkSttlmDt>2017-10-27</IntrBkSttlmDt></RltdDts></TxDtls></NtryDtls></Ntry><Ntry><Amt Ccy="CHF">6.7</Amt><CdtDbtInd>DBIT</CdtDbtInd><Sts>BOOK</Sts><BookgDt><Dt>2017-10-27</Dt></BookgDt><ValDt><Dt>2017-10-27</Dt></ValDt><AcctSvcrRef>458304835217300/2</AcctSvcrRef><BkTxCd><Domn><Cd>PMNT</Cd><Fmly><Cd>ICDT</Cd><SubFmlyCd>AUTT</SubFmlyCd></Fmly></Domn></BkTxCd><NtryDtls><TxDtls><Refs><MsgId>796.073.835.217.300 / 00001</MsgId><EndToEndId>085291535217300</EndToEndId></Refs><Amt Ccy="CHF">6.7</Amt><CdtDbtInd>CRDT</CdtDbtInd><RmtInf><Strd><CdtrRefInf><Ref>110753000000000000000000026</Ref></CdtrRefInf></Strd></RmtInf><RltdDts><IntrBkSttlmDt>2017-10-27</IntrBkSttlmDt></RltdDts></TxDtls></NtryDtls></Ntry></Stmt></BkToCstmrStmt></Document>