<?xml version="1.0" encoding="UTF-8"?><Document xsi:schemaLocation="urn:iso:std:iso:20022:tech:xsd:camt.053.001.04 camt.053.001.04.xsd" xmlns="urn:iso:std:iso:20022:tech:xsd:camt.053.001.04" xmlns:xsi="http://www.w3.org/2001/XMLSchema-instance"><BkToCstmrStmt><GrpHdr><MsgId>997301655240000</MsgId><CreDtTm>2017-10-28T00:59:32</CreDtTm><MsgRcpt><Nm>MONSIEUR TEST 2</Nm><Id><OrgId><AnyBIC>BCVLCH20XXX</AnyBIC></OrgId></Id></MsgRcpt><MsgPgntn><PgNb>1</PgNb><LastPgInd>true</LastPgInd></MsgPgntn></GrpHdr><Stmt><Id>607301665239500</Id><ElctrncSeqNb>8</ElctrncSeqNb><CreDtTm>2017-10-28T00:59:32</CreDtTm><FrToDt><FrDtTm>2017-10-27T00:00:00</FrDtTm><ToDtTm>2017-10-27T00:00:00</ToDtTm></FrToDt><Acct><Id><IBAN>CH2700767000L09634770</IBAN></Id></Acct><Bal><Tp><CdOrPrtry><Cd>OPBD</Cd></CdOrPrtry></Tp><Amt Ccy="CHF">823889.37</Amt><CdtDbtInd>CRDT</CdtDbtInd><Dt><Dt>2017-10-27</Dt></Dt></Bal><Bal><Tp><CdOrPrtry><Cd>CLBD</Cd></CdOrPrtry></Tp><Amt Ccy="CHF">637578.77</Amt><CdtDbtInd>CRDT</CdtDbtInd><Dt><Dt>2017-10-27</Dt></Dt></Bal><Ntry><Amt Ccy="CHF">151504.6</Amt><CdtDbtInd>DBIT</CdtDbtInd><Sts>BOOK</Sts><BookgDt><Dt>2017-10-27</Dt></BookgDt><ValDt><Dt>2017-10-31</Dt></ValDt><AcctSvcrRef>260329564617800/1</AcctSvcrRef><BkTxCd><Domn><Cd>ACMT</Cd><Fmly><Cd>NTAV</Cd><SubFmlyCd>NTAV</SubFmlyCd></Fmly></Domn></BkTxCd><NtryDtls><TxDtls><Amt Ccy="CHF">151504.6</Amt><CdtDbtInd>DBIT</CdtDbtInd></TxDtls></NtryDtls></Ntry><Ntry><Amt Ccy="CHF">150</Amt><CdtDbtInd>CRDT</CdtDbtInd><Sts>BOOK</Sts><BookgDt><Dt>2017-10-27</Dt></BookgDt><ValDt><Dt>2017-10-27</Dt></ValDt><AcctSvcrRef>717940767617300/1</AcctSvcrRef><BkTxCd><Domn><Cd>PMNT</Cd><Fmly><Cd>RCDT</Cd><SubFmlyCd>VCOM</SubFmlyCd></Fmly></Domn></BkTxCd><NtryDtls><TxDtls><Amt Ccy="CHF">150</Amt><CdtDbtInd>CRDT</CdtDbtInd></TxDtls></NtryDtls></Ntry><Ntry><Amt Ccy="CHF">34956</Amt><CdtDbtInd>DBIT</CdtDbtInd><Sts>BOOK</Sts><BookgDt><Dt>2017-10-27</Dt></BookgDt><ValDt><Dt>2017-10-31</Dt></ValDt><AcctSvcrRef>390329564617800/1</AcctSvcrRef><BkTxCd><Domn><Cd>ACMT</Cd><Fmly><Cd>NTAV</Cd><SubFmlyCd>NTAV</SubFmlyCd></Fmly></Domn></BkTxCd><NtryDtls><TxDtls><Amt Ccy="CHF">34956</Amt><CdtDbtInd>DBIT</CdtDbtInd></TxDtls></NtryDtls></Ntry></Stmt></BkToCstmrStmt></Document>