<?xml version="1.0" encoding="UTF-8" ?>
<Document xmlns="urn:iso:std:iso:20022:tech:xsd:camt.053.001.04">
  <BkToCstmrStmt>
    <GrpHdr>
      <MsgId>M/1264609691/CAM</MsgId>
      <CreDtTm>2017-11-07T13:24:21+01:00</CreDtTm>
      <MsgPgntn>
        <PgNb>1</PgNb>
        <LastPgInd>true</LastPgInd>
      </MsgPgntn>
      <AddtlInf>Test</AddtlInf>
    </GrpHdr>
    <Stmt>
      <Id>M/1264609691/CAM</Id>
      <ElctrncSeqNb>1</ElctrncSeqNb>
      <CreDtTm>2017-11-07T13:24:21+01:00</CreDtTm>
      <FrToDt>
        <FrDtTm>2017-09-18T00:00:00+02:00</FrDtTm>
        <ToDtTm>2017-09-18T23:59:59+02:00</ToDtTm>
      </FrToDt>
      <Acct>
        <Id>
          <IBAN>CH1100778010017680006</IBAN>
        </Id>
        <Ccy>CHF</Ccy>
        <Nm>Hans Muster AG</Nm>
        <Svcr>
          <FinInstnId>
            <BICFI>LUKBCH2260A</BICFI>
          </FinInstnId>
        </Svcr>
      </Acct>
      <Bal>
        <Tp>
          <CdOrPrtry>
            <Cd>OPBD</Cd>
          </CdOrPrtry>
        </Tp>
        <Amt Ccy="CHF">7.41</Amt>
        <CdtDbtInd>CRDT</CdtDbtInd>
        <Dt>
          <Dt>2017-09-18</Dt>
        </Dt>
      </Bal>
      <Bal>
        <Tp>
          <CdOrPrtry>
            <Cd>CLBD</Cd>
          </CdOrPrtry>
        </Tp>
        <Amt Ccy="CHF">6.51</Amt>
        <CdtDbtInd>CRDT</CdtDbtInd>
        <Dt>
          <Dt>2017-09-18</Dt>
        </Dt>
      </Bal>
      <Bal>
        <Tp>
          <CdOrPrtry>
            <Cd>CLAV</Cd>
          </CdOrPrtry>
        </Tp>
        <Amt Ccy="CHF">6.51</Amt>
        <CdtDbtInd>CRDT</CdtDbtInd>
        <Dt>
          <Dt>2017-09-18</Dt>
        </Dt>
      </Bal>
      <TxsSummry>
        <TtlNtries>
          <NbOfNtries>3</NbOfNtries>
          <Sum>1.1</Sum>
          <TtlNetNtry>
            <Amt>.9</Amt>
            <CdtDbtInd>DBIT</CdtDbtInd>
          </TtlNetNtry>
        </TtlNtries>
        <TtlCdtNtries>
          <NbOfNtries>2</NbOfNtries>
          <Sum>.1</Sum>
        </TtlCdtNtries>
        <TtlDbtNtries>
          <NbOfNtries>1</NbOfNtries>
          <Sum>1</Sum>
        </TtlDbtNtries>
        <TtlNtriesPerBkTxCd>
          <NbOfNtries>1</NbOfNtries>
          <Sum>1</Sum>
          <TtlNetNtry>
            <Amt>1</Amt>
            <CdtDbtInd>DBIT</CdtDbtInd>
          </TtlNetNtry>
          <BkTxCd>
            <Domn>
              <Cd>PMNT</Cd>
              <Fmly>
                <Cd>ICDT</Cd>
                <SubFmlyCd>STDO</SubFmlyCd>
              </Fmly>
            </Domn>
          </BkTxCd>
        </TtlNtriesPerBkTxCd>
        <TtlNtriesPerBkTxCd>
          <NbOfNtries>2</NbOfNtries>
          <Sum>.1</Sum>
          <TtlNetNtry>
            <Amt>.1</Amt>
            <CdtDbtInd>CRDT</CdtDbtInd>
          </TtlNetNtry>
          <BkTxCd>
            <Domn>
              <Cd>PMNT</Cd>
              <Fmly>
                <Cd>RCDT</Cd>
                <SubFmlyCd>DMCT</SubFmlyCd>
              </Fmly>
            </Domn>
          </BkTxCd>
        </TtlNtriesPerBkTxCd>
      </TxsSummry>
      <Ntry>
        <Amt Ccy="CHF">1</Amt>
        <CdtDbtInd>DBIT</CdtDbtInd>
        <RvslInd>false</RvslInd>
        <Sts>BOOK</Sts>
        <BookgDt>
          <Dt>2017-09-18</Dt>
        </BookgDt>
        <ValDt>
          <Dt>2017-09-18</Dt>
        </ValDt>
        <AcctSvcrRef>O/825225091</AcctSvcrRef>
        <BkTxCd>
          <Domn>
            <Cd>PMNT</Cd>
            <Fmly>
              <Cd>ICDT</Cd>
              <SubFmlyCd>STDO</SubFmlyCd>
            </Fmly>
          </Domn>
          <Prtry>
            <Cd>1010</Cd>
          </Prtry>
        </BkTxCd>
        <NtryDtls>
          <Btch>
            <NbOfTxs>1</NbOfTxs>
          </Btch>
          <TxDtls>
            <Refs>
              <AcctSvcrRef>O/825225091</AcctSvcrRef>
            </Refs>
            <Amt Ccy="CHF">1</Amt>
            <CdtDbtInd>DBIT</CdtDbtInd>
            <AmtDtls>
              <InstdAmt>
                <Amt Ccy="CHF">1</Amt>
              </InstdAmt>
            </AmtDtls>
            <BkTxCd>
              <Domn>
                <Cd>PMNT</Cd>
                <Fmly>
                  <Cd>ICDT</Cd>
                  <SubFmlyCd>STDO</SubFmlyCd>
                </Fmly>
              </Domn>
              <Prtry>
                <Cd>1010</Cd>
              </Prtry>
            </BkTxCd>
            <RltdPties>
              <Dbtr>
                <PstlAdr>
                  <AdrLine>Hans Muster AG</AdrLine>
                  <AdrLine>Pilatusstrasse 12</AdrLine>
                  <AdrLine>6003 Luzern</AdrLine>
                </PstlAdr>
              </Dbtr>
              <DbtrAcct>
                <Id>
                  <IBAN>CH1100778010017680006</IBAN>
                </Id>
              </DbtrAcct>
              <Cdtr>
                <PstlAdr>
                  <AdrLine>LUZERNER KANTONALBANK AG</AdrLine>
                  <AdrLine>LUZERN</AdrLine>
                </PstlAdr>
              </Cdtr>
            </RltdPties>
            <RltdAgts>
              <CdtrAgt>
                <FinInstnId>
                  <BICFI>LUKBCH2260A</BICFI>
                  <Nm>Luzerner Kantonalbank</Nm>
                </FinInstnId>
              </CdtrAgt>
            </RltdAgts>
            <RmtInf>
              <Ustrd>Testzahlung 1</Ustrd>
            </RmtInf>
          </TxDtls>
        </NtryDtls>
        <AddtlNtryInf>Dauerauftrag</AddtlNtryInf>
      </Ntry>
      <Ntry>
        <Amt Ccy="CHF">.05</Amt>
        <CdtDbtInd>CRDT</CdtDbtInd>
        <RvslInd>false</RvslInd>
        <Sts>BOOK</Sts>
        <BookgDt>
          <Dt>2017-09-18</Dt>
        </BookgDt>
        <ValDt>
          <Dt>2017-09-18</Dt>
        </ValDt>
        <AcctSvcrRef>O/825224998</AcctSvcrRef>
        <BkTxCd>
          <Domn>
            <Cd>PMNT</Cd>
            <Fmly>
              <Cd>RCDT</Cd>
              <SubFmlyCd>DMCT</SubFmlyCd>
            </Fmly>
          </Domn>
          <Prtry>
            <Cd>1065</Cd>
          </Prtry>
        </BkTxCd>
        <NtryDtls>
          <Btch>
            <NbOfTxs>1</NbOfTxs>
          </Btch>
          <TxDtls>
            <Refs>
              <AcctSvcrRef>O/825224998</AcctSvcrRef>
              <InstrId>726122649380001</InstrId>
              <EndToEndId>0958e8754c6542fda6d76436f03be8fd</EndToEndId>
            </Refs>
            <Amt Ccy="CHF">.05</Amt>
            <CdtDbtInd>CRDT</CdtDbtInd>
            <AmtDtls>
              <InstdAmt>
                <Amt Ccy="CHF">.05</Amt>
              </InstdAmt>
            </AmtDtls>
            <BkTxCd>
              <Domn>
                <Cd>PMNT</Cd>
                <Fmly>
                  <Cd>RCDT</Cd>
                  <SubFmlyCd>DMCT</SubFmlyCd>
                </Fmly>
              </Domn>
              <Prtry>
                <Cd>1065</Cd>
              </Prtry>
            </BkTxCd>
          </TxDtls>
        </NtryDtls>
        <AddtlNtryInf>Peter Muster, Musterstrasse 123, 1234 Musterhausen</AddtlNtryInf>
      </Ntry>
      <Ntry>
        <Amt Ccy="CHF">.05</Amt>
        <CdtDbtInd>CRDT</CdtDbtInd>
        <RvslInd>false</RvslInd>
        <Sts>BOOK</Sts>
        <BookgDt>
          <Dt>2017-09-18</Dt>
        </BookgDt>
        <ValDt>
          <Dt>2017-09-18</Dt>
        </ValDt>
        <AcctSvcrRef>O/825225006</AcctSvcrRef>
        <BkTxCd>
          <Domn>
            <Cd>PMNT</Cd>
            <Fmly>
              <Cd>RCDT</Cd>
              <SubFmlyCd>DMCT</SubFmlyCd>
            </Fmly>
          </Domn>
          <Prtry>
            <Cd>1065</Cd>
          </Prtry>
        </BkTxCd>
        <NtryDtls>
          <Btch>
            <NbOfTxs>1</NbOfTxs>
          </Btch>
          <TxDtls>
            <Refs>
              <AcctSvcrRef>O/825225006</AcctSvcrRef>
              <InstrId>726122654490001</InstrId>
              <EndToEndId>0959e8854c6542fda6d76436f03be8fd</EndToEndId>
            </Refs>
            <Amt Ccy="CHF">.05</Amt>
            <CdtDbtInd>CRDT</CdtDbtInd>
            <AmtDtls>
              <InstdAmt>
                <Amt Ccy="CHF">.05</Amt>
              </InstdAmt>
            </AmtDtls>
            <BkTxCd>
              <Domn>
                <Cd>PMNT</Cd>
                <Fmly>
                  <Cd>RCDT</Cd>
                  <SubFmlyCd>DMCT</SubFmlyCd>
                </Fmly>
              </Domn>
              <Prtry>
                <Cd>1065</Cd>
              </Prtry>
            </BkTxCd>
          </TxDtls>
        </NtryDtls>
        <AddtlNtryInf>Heidi Muster, Musterstrasse 123, 1234 Musterhausen</AddtlNtryInf>
      </Ntry>
    </Stmt>
  </BkToCstmrStmt>
</Document>
