<?xml version="1.0" encoding="UTF-8" ?>
<Document xmlns="urn:iso:std:iso:20022:tech:xsd:camt.054.001.04">
  <BkToCstmrDbtCdtNtfctn>
    <GrpHdr>
      <MsgId>M/1259327457/CAM</MsgId>
      <CreDtTm>2017-10-20T12:49:42+02:00</CreDtTm>
      <MsgPgntn>
        <PgNb>1</PgNb>
        <LastPgInd>true</LastPgInd>
      </MsgPgntn>
      <AddtlInf>Test</AddtlInf>
    </GrpHdr>
    <Ntfctn>
      <Id>M/1259327457/CAM</Id>
      <CreDtTm>2017-10-20T12:49:42+02:00</CreDtTm>
      <FrToDt>
        <FrDtTm>2017-10-12T00:00:00+02:00</FrDtTm>
        <ToDtTm>2017-10-19T23:59:59+02:00</ToDtTm>
      </FrToDt>
      <Acct>
        <Id>
          <IBAN>CH1100778010017680006</IBAN>
        </Id>
        <Ccy>CHF</Ccy>
        <Ownr>
          <Nm>Hans Muster AG</Nm>
        </Ownr>
        <Svcr>
          <FinInstnId>
            <BICFI>LUKBCH2260A</BICFI>
          </FinInstnId>
        </Svcr>
      </Acct>
      <Ntry>
        <NtryRef>010010674</NtryRef>
        <Amt Ccy="CHF">1</Amt>
        <CdtDbtInd>CRDT</CdtDbtInd>
        <RvslInd>false</RvslInd>
        <Sts>BOOK</Sts>
        <BookgDt>
          <Dt>2017-10-12</Dt>
        </BookgDt>
        <ValDt>
          <Dt>2017-10-12</Dt>
        </ValDt>
        <AcctSvcrRef>O/833869504</AcctSvcrRef>
        <BkTxCd>
          <Domn>
            <Cd>PMNT</Cd>
            <Fmly>
              <Cd>RCDT</Cd>
              <SubFmlyCd>VCOM</SubFmlyCd>
            </Fmly>
          </Domn>
          <Prtry>
            <Cd>1051</Cd>
          </Prtry>
        </BkTxCd>
        <NtryDtls>
          <Btch>
            <NbOfTxs>1</NbOfTxs>
            <TtlAmt Ccy="CHF">1</TtlAmt>
            <CdtDbtInd>CRDT</CdtDbtInd>
          </Btch>
          <TxDtls>
            <Refs>
              <AcctSvcrRef>O/833718927</AcctSvcrRef>
            </Refs>
            <Amt Ccy="CHF">1</Amt>
            <CdtDbtInd>CRDT</CdtDbtInd>
            <BkTxCd>
              <Domn>
                <Cd>PMNT</Cd>
                <Fmly>
                  <Cd>RCDT</Cd>
                  <SubFmlyCd>VCOM</SubFmlyCd>
                </Fmly>
              </Domn>
              <Prtry>
                <Cd>1051</Cd>
              </Prtry>
            </BkTxCd>
            <RmtInf>
              <Strd>
                <CdtrRefInf>
                  <Tp>
                    <CdOrPrtry>
                      <Prtry>ISR Reference</Prtry>
                    </CdOrPrtry>
                  </Tp>
                  <Ref>040329000000000000000000004</Ref>
                </CdtrRefInf>
              </Strd>
            </RmtInf>
            <AddtlTxInf>Zahlungseingang: 04 03290 00000 00000 00000 00004</AddtlTxInf>
          </TxDtls>
        </NtryDtls>
        <AddtlNtryInf>Sammelgutschrift BESR vom 19.10.2017</AddtlNtryInf>
      </Ntry>
      <Ntry>
        <NtryRef>010010674</NtryRef>
        <Amt Ccy="CHF">2</Amt>
        <CdtDbtInd>CRDT</CdtDbtInd>
        <RvslInd>false</RvslInd>
        <Sts>BOOK</Sts>
        <BookgDt>
          <Dt>2017-10-13</Dt>
        </BookgDt>
        <ValDt>
          <Dt>2017-10-13</Dt>
        </ValDt>
        <AcctSvcrRef>O/834113700</AcctSvcrRef>
        <BkTxCd>
          <Domn>
            <Cd>PMNT</Cd>
            <Fmly>
              <Cd>RCDT</Cd>
              <SubFmlyCd>VCOM</SubFmlyCd>
            </Fmly>
          </Domn>
          <Prtry>
            <Cd>1051</Cd>
          </Prtry>
        </BkTxCd>
        <NtryDtls>
          <Btch>
            <NbOfTxs>2</NbOfTxs>
            <TtlAmt Ccy="CHF">2</TtlAmt>
            <CdtDbtInd>CRDT</CdtDbtInd>
          </Btch>
          <TxDtls>
            <Refs>
              <AcctSvcrRef>O/833935413</AcctSvcrRef>
            </Refs>
            <Amt Ccy="CHF">1</Amt>
            <CdtDbtInd>CRDT</CdtDbtInd>
            <BkTxCd>
              <Domn>
                <Cd>PMNT</Cd>
                <Fmly>
                  <Cd>RCDT</Cd>
                  <SubFmlyCd>VCOM</SubFmlyCd>
                </Fmly>
              </Domn>
              <Prtry>
                <Cd>1051</Cd>
              </Prtry>
            </BkTxCd>
            <RmtInf>
              <Strd>
                <CdtrRefInf>
                  <Tp>
                    <CdOrPrtry>
                      <Prtry>ISR Reference</Prtry>
                    </CdOrPrtry>
                  </Tp>
                  <Ref>040329000000000000000000004</Ref>
                </CdtrRefInf>
              </Strd>
            </RmtInf>
            <AddtlTxInf>Zahlungseingang: 04 03290 00000 00000 00000 00004</AddtlTxInf>
          </TxDtls>
          <TxDtls>
            <Refs>
              <AcctSvcrRef>O/833982404</AcctSvcrRef>
            </Refs>
            <Amt Ccy="CHF">1</Amt>
            <CdtDbtInd>CRDT</CdtDbtInd>
            <BkTxCd>
              <Domn>
                <Cd>PMNT</Cd>
                <Fmly>
                  <Cd>RCDT</Cd>
                  <SubFmlyCd>VCOM</SubFmlyCd>
                </Fmly>
              </Domn>
              <Prtry>
                <Cd>1051</Cd>
              </Prtry>
            </BkTxCd>
            <RmtInf>
              <Strd>
                <CdtrRefInf>
                  <Tp>
                    <CdOrPrtry>
                      <Prtry>ISR Reference</Prtry>
                    </CdOrPrtry>
                  </Tp>
                  <Ref>040329000000000000000000004</Ref>
                </CdtrRefInf>
              </Strd>
            </RmtInf>
            <AddtlTxInf>Zahlungseingang: 04 03290 00000 00000 00000 00004</AddtlTxInf>
          </TxDtls>
        </NtryDtls>
        <AddtlNtryInf>Sammelgutschrift BESR vom 12.10.2017</AddtlNtryInf>
      </Ntry>
      <Ntry>
        <NtryRef>010010674</NtryRef>
        <Amt Ccy="CHF">1</Amt>
        <CdtDbtInd>CRDT</CdtDbtInd>
        <RvslInd>false</RvslInd>
        <Sts>BOOK</Sts>
        <BookgDt>
          <Dt>2017-10-16</Dt>
        </BookgDt>
        <ValDt>
          <Dt>2017-10-16</Dt>
        </ValDt>
        <AcctSvcrRef>O/834437108</AcctSvcrRef>
        <BkTxCd>
          <Domn>
            <Cd>PMNT</Cd>
            <Fmly>
              <Cd>RCDT</Cd>
              <SubFmlyCd>VCOM</SubFmlyCd>
            </Fmly>
          </Domn>
          <Prtry>
            <Cd>1051</Cd>
          </Prtry>
        </BkTxCd>
        <NtryDtls>
          <Btch>
            <NbOfTxs>1</NbOfTxs>
            <TtlAmt Ccy="CHF">1</TtlAmt>
            <CdtDbtInd>CRDT</CdtDbtInd>
          </Btch>
          <TxDtls>
            <Refs>
              <AcctSvcrRef>O/834255155</AcctSvcrRef>
            </Refs>
            <Amt Ccy="CHF">1</Amt>
            <CdtDbtInd>CRDT</CdtDbtInd>
            <BkTxCd>
              <Domn>
                <Cd>PMNT</Cd>
                <Fmly>
                  <Cd>RCDT</Cd>
                  <SubFmlyCd>VCOM</SubFmlyCd>
                </Fmly>
              </Domn>
              <Prtry>
                <Cd>1051</Cd>
              </Prtry>
            </BkTxCd>
            <RmtInf>
              <Strd>
                <CdtrRefInf>
                  <Tp>
                    <CdOrPrtry>
                      <Prtry>ISR Reference</Prtry>
                    </CdOrPrtry>
                  </Tp>
                  <Ref>040329000000000000000000004</Ref>
                </CdtrRefInf>
              </Strd>
            </RmtInf>
            <AddtlTxInf>Zahlungseingang: 04 03290 00000 00000 00000 00004</AddtlTxInf>
          </TxDtls>
        </NtryDtls>
        <AddtlNtryInf>Sammelgutschrift BESR vom 16.10.2017</AddtlNtryInf>
      </Ntry>
      <Ntry>
        <NtryRef>010010674</NtryRef>
        <Amt Ccy="CHF">1</Amt>
        <CdtDbtInd>CRDT</CdtDbtInd>
        <RvslInd>false</RvslInd>
        <Sts>BOOK</Sts>
        <BookgDt>
          <Dt>2017-10-17</Dt>
        </BookgDt>
        <ValDt>
          <Dt>2017-10-17</Dt>
        </ValDt>
        <AcctSvcrRef>O/834643360</AcctSvcrRef>
        <BkTxCd>
          <Domn>
            <Cd>PMNT</Cd>
            <Fmly>
              <Cd>RCDT</Cd>
              <SubFmlyCd>VCOM</SubFmlyCd>
            </Fmly>
          </Domn>
          <Prtry>
            <Cd>1051</Cd>
          </Prtry>
        </BkTxCd>
        <NtryDtls>
          <Btch>
            <NbOfTxs>1</NbOfTxs>
            <TtlAmt Ccy="CHF">1</TtlAmt>
            <CdtDbtInd>CRDT</CdtDbtInd>
          </Btch>
          <TxDtls>
            <Refs>
              <AcctSvcrRef>O/834487451</AcctSvcrRef>
            </Refs>
            <Amt Ccy="CHF">1</Amt>
            <CdtDbtInd>CRDT</CdtDbtInd>
            <BkTxCd>
              <Domn>
                <Cd>PMNT</Cd>
                <Fmly>
                  <Cd>RCDT</Cd>
                  <SubFmlyCd>VCOM</SubFmlyCd>
                </Fmly>
              </Domn>
              <Prtry>
                <Cd>1051</Cd>
              </Prtry>
            </BkTxCd>
            <RmtInf>
              <Strd>
                <CdtrRefInf>
                  <Tp>
                    <CdOrPrtry>
                      <Prtry>ISR Reference</Prtry>
                    </CdOrPrtry>
                  </Tp>
                  <Ref>040329010000000000000003178</Ref>
                </CdtrRefInf>
              </Strd>
            </RmtInf>
            <AddtlTxInf>Zahlungseingang: 04 03290 10000 00000 00000 03178</AddtlTxInf>
          </TxDtls>
        </NtryDtls>
        <AddtlNtryInf>Sammelgutschrift BESR vom 17.10.2017</AddtlNtryInf>
      </Ntry>
      <Ntry>
        <NtryRef>010010674</NtryRef>
        <Amt Ccy="CHF">1</Amt>
        <CdtDbtInd>CRDT</CdtDbtInd>
        <RvslInd>false</RvslInd>
        <Sts>BOOK</Sts>
        <BookgDt>
          <Dt>2017-10-18</Dt>
        </BookgDt>
        <ValDt>
          <Dt>2017-10-18</Dt>
        </ValDt>
        <AcctSvcrRef>O/834841152</AcctSvcrRef>
        <BkTxCd>
          <Domn>
            <Cd>PMNT</Cd>
            <Fmly>
              <Cd>RCDT</Cd>
              <SubFmlyCd>VCOM</SubFmlyCd>
            </Fmly>
          </Domn>
          <Prtry>
            <Cd>1051</Cd>
          </Prtry>
        </BkTxCd>
        <NtryDtls>
          <Btch>
            <NbOfTxs>1</NbOfTxs>
            <TtlAmt Ccy="CHF">1</TtlAmt>
            <CdtDbtInd>CRDT</CdtDbtInd>
          </Btch>
          <TxDtls>
            <Refs>
              <AcctSvcrRef>O/834689605</AcctSvcrRef>
            </Refs>
            <Amt Ccy="CHF">1</Amt>
            <CdtDbtInd>CRDT</CdtDbtInd>
            <BkTxCd>
              <Domn>
                <Cd>PMNT</Cd>
                <Fmly>
                  <Cd>RCDT</Cd>
                  <SubFmlyCd>VCOM</SubFmlyCd>
                </Fmly>
              </Domn>
              <Prtry>
                <Cd>1051</Cd>
              </Prtry>
            </BkTxCd>
            <RmtInf>
              <Strd>
                <CdtrRefInf>
                  <Tp>
                    <CdOrPrtry>
                      <Prtry>ISR Reference</Prtry>
                    </CdOrPrtry>
                  </Tp>
                  <Ref>040329200000000000000000000</Ref>
                </CdtrRefInf>
              </Strd>
            </RmtInf>
            <AddtlTxInf>Zahlungseingang: 04 03292 00000 00000 00000 00000</AddtlTxInf>
          </TxDtls>
        </NtryDtls>
        <AddtlNtryInf>Sammelgutschrift BESR vom 18.10.2017</AddtlNtryInf>
      </Ntry>
      <Ntry>
        <NtryRef>010010674</NtryRef>
        <Amt Ccy="CHF">1</Amt>
        <CdtDbtInd>CRDT</CdtDbtInd>
        <RvslInd>false</RvslInd>
        <Sts>BOOK</Sts>
        <BookgDt>
          <Dt>2017-10-19</Dt>
        </BookgDt>
        <ValDt>
          <Dt>2017-10-19</Dt>
        </ValDt>
        <AcctSvcrRef>O/835053839</AcctSvcrRef>
        <BkTxCd>
          <Domn>
            <Cd>PMNT</Cd>
            <Fmly>
              <Cd>RCDT</Cd>
              <SubFmlyCd>VCOM</SubFmlyCd>
            </Fmly>
          </Domn>
          <Prtry>
            <Cd>1051</Cd>
          </Prtry>
        </BkTxCd>
        <NtryDtls>
          <Btch>
            <NbOfTxs>1</NbOfTxs>
            <TtlAmt Ccy="CHF">1</TtlAmt>
            <CdtDbtInd>CRDT</CdtDbtInd>
          </Btch>
          <TxDtls>
            <Refs>
              <AcctSvcrRef>O/834892656</AcctSvcrRef>
            </Refs>
            <Amt Ccy="CHF">1</Amt>
            <CdtDbtInd>CRDT</CdtDbtInd>
            <BkTxCd>
              <Domn>
                <Cd>PMNT</Cd>
                <Fmly>
                  <Cd>RCDT</Cd>
                  <SubFmlyCd>VCOM</SubFmlyCd>
                </Fmly>
              </Domn>
              <Prtry>
                <Cd>1051</Cd>
              </Prtry>
            </BkTxCd>
            <RmtInf>
              <Strd>
                <CdtrRefInf>
                  <Tp>
                    <CdOrPrtry>
                      <Prtry>ISR Reference</Prtry>
                    </CdOrPrtry>
                  </Tp>
                  <Ref>040329000000000000000000004</Ref>
                </CdtrRefInf>
              </Strd>
            </RmtInf>
            <AddtlTxInf>Zahlungseingang: 04 03290 00000 00000 00000 00004</AddtlTxInf>
          </TxDtls>
        </NtryDtls>
        <AddtlNtryInf>Sammelgutschrift BESR vom 19.10.2017</AddtlNtryInf>
      </Ntry>
    </Ntfctn>
  </BkToCstmrDbtCdtNtfctn>
</Document>
