<?xml version="1.0" encoding="UTF-8"?>
<Document xmlns="urn:iso:std:iso:20022:tech:xsd:camt.054.001.04" xmlns:xsi="http://www.w3.org/2001/XMLSchema-instance" xsi:schemaLocation="urn:iso:std:iso:20022:tech:xsd:camt.054.001.04 camt.054.001.04.xsd">
	<BkToCstmrDbtCdtNtfctn>
		<GrpHdr>
			<MsgId>20160805375204000057956</MsgId>
			<CreDtTm>2016-08-05T23:01:14</CreDtTm>
			<MsgPgntn>
				<PgNb>1</PgNb>
				<LastPgInd>true</LastPgInd>
			</MsgPgntn>
			<AddtlInf>Productive</AddtlInf>
		</GrpHdr>
		<Ntfctn>
			<Id>20160805375204000057955</Id>
			<CreDtTm>2016-08-05T23:01:14</CreDtTm>
			<FrToDt>
				<FrDtTm>2016-07-30T00:00:00</FrDtTm>
				<ToDtTm>2016-08-05T23:59:59</ToDtTm>
			</FrToDt>
			<Acct>
				<Id>
					<IBAN>CH2409000000504444334</IBAN>
				</Id>
				<Ownr>
					<Nm>PostFinance AG TestkontoPFAG PF24 Softlab 3 Bern</Nm>
				</Ownr>
			</Acct>
			<Ntry>
				<NtryRef>011016220</NtryRef>
				<Amt Ccy="CHF">5.50</Amt>
				<CdtDbtInd>CRDT</CdtDbtInd>
				<RvslInd>false</RvslInd>
				<Sts>BOOK</Sts>
				<BookgDt>
					<Dt>2016-08-02</Dt>
				</BookgDt>
				<ValDt>
					<Dt>2016-08-03</Dt>
				</ValDt>
				<AcctSvcrRef>20160803007602722085014000000012</AcctSvcrRef>
				<BkTxCd>
					<Domn>
						<Cd>PMNT</Cd>
						<Fmly>
							<Cd>RCDT</Cd>
							<SubFmlyCd>VCOM</SubFmlyCd>
						</Fmly>
					</Domn>
				</BkTxCd>
				<Chrgs>
					<TtlChrgsAndTaxAmt Ccy="CHF">0.04</TtlChrgsAndTaxAmt>
					<Rcrd>
						<Amt Ccy="CHF">0.04</Amt>
						<CdtDbtInd>DBIT</CdtDbtInd>
						<ChrgInclInd>false</ChrgInclInd>
						<Tp>
							<Prtry>
								<Id>4</Id>
							</Prtry>
						</Tp>
					</Rcrd>
				</Chrgs>
				<NtryDtls>
					<Btch>
						<NbOfTxs>4</NbOfTxs>
					</Btch>
					<TxDtls>
						<Refs>
							<AcctSvcrRef>160802CH010LJ8RN</AcctSvcrRef>
							<Prtry>
								<Tp>01</Tp>
								<Ref>160802CH010LJ8RN</Ref>
							</Prtry>
						</Refs>
						<Amt Ccy="CHF">1.00</Amt>
						<CdtDbtInd>CRDT</CdtDbtInd>
						<BkTxCd>
							<Domn>
								<Cd>PMNT</Cd>
								<Fmly>
									<Cd>RCDT</Cd>
									<SubFmlyCd>ATXN</SubFmlyCd>
								</Fmly>
							</Domn>
						</BkTxCd>
						<RltdAgts>
							<DbtrAgt>
								<FinInstnId>
									<ClrSysMmbId>
										<MmbId>000048358</MmbId>
									</ClrSysMmbId>
									<Nm>Credit Suisse AG</Nm>
									<PstlAdr>
										<AdrLine>Paradeplatz 8</AdrLine>
										<AdrLine>8070 Zürich</AdrLine>
									</PstlAdr>
								</FinInstnId>
							</DbtrAgt>
						</RltdAgts>
						<RmtInf>
							<Strd>
								<CdtrRefInf>
									<Tp>
										<CdOrPrtry>
											<Prtry>ISR Reference</Prtry>
										</CdOrPrtry>
									</Tp>
									<Ref>000000000000000000000000656</Ref>
								</CdtrRefInf>
								<AddtlRmtInf>?REJECT?0</AddtlRmtInf>
							</Strd>
						</RmtInf>
						<RltdDts>
							<AccptncDtTm>2016-08-02T20:00:00</AccptncDtTm>
						</RltdDts>
					</TxDtls>
					<TxDtls>
						<Refs>
							<AcctSvcrRef>160802CH010KW3UF</AcctSvcrRef>
							<PmtInfId>ESR-02082016</PmtInfId>
							<EndToEndId>EndToEnd-4</EndToEndId>
							<Prtry>
								<Tp>01</Tp>
								<Ref>160802CH010KW3UF</Ref>
							</Prtry>
						</Refs>
						<Amt Ccy="CHF">2.20</Amt>
						<CdtDbtInd>CRDT</CdtDbtInd>
						<BkTxCd>
							<Domn>
								<Cd>PMNT</Cd>
								<Fmly>
									<Cd>RCDT</Cd>
									<SubFmlyCd>AUTT</SubFmlyCd>
								</Fmly>
							</Domn>
						</BkTxCd>
						<RltdPties>
							<Dbtr>
								<Nm>PostFinance AG Testkto Softlab</Nm>
								<PstlAdr>
									<StrtNm>Mingerstrasse</StrtNm>
									<BldgNb>20</BldgNb>
									<PstCd>3030</PstCd>
									<TwnNm>Bern</TwnNm>
									<Ctry>CH</Ctry>
								</PstlAdr>
							</Dbtr>
							<DbtrAcct>
								<Id>
									<IBAN>CH9809000000503333225</IBAN>
								</Id>
							</DbtrAcct>
						</RltdPties>
						<RltdAgts>
							<DbtrAgt>
								<FinInstnId>
									<BICFI>POFICHBEXXX</BICFI>
									<Nm>POSTFINANCE AG</Nm>
									<PstlAdr>
										<AdrLine>MINGERSTRASSE 20</AdrLine>
										<AdrLine>3030 BERNE</AdrLine>
									</PstlAdr>
								</FinInstnId>
							</DbtrAgt>
						</RltdAgts>
						<RmtInf>
							<Strd>
								<CdtrRefInf>
									<Tp>
										<CdOrPrtry>
											<Prtry>ISR Reference</Prtry>
										</CdOrPrtry>
									</Tp>
									<Ref>000000000000000000000000724</Ref>
								</CdtrRefInf>
								<AddtlRmtInf>?REJECT?0</AddtlRmtInf>
							</Strd>
						</RmtInf>
						<RltdDts>
							<AccptncDtTm>2016-08-02T20:00:00</AccptncDtTm>
						</RltdDts>
					</TxDtls>
					<TxDtls>
						<Refs>
							<AcctSvcrRef>160802CH010KW3UD</AcctSvcrRef>
							<PmtInfId>ESR-01082016</PmtInfId>
							<EndToEndId>EndToEnd-4</EndToEndId>
							<Prtry>
								<Tp>01</Tp>
								<Ref>160802CH010KW3UD</Ref>
							</Prtry>
						</Refs>
						<Amt Ccy="CHF">1.20</Amt>
						<CdtDbtInd>CRDT</CdtDbtInd>
						<BkTxCd>
							<Domn>
								<Cd>PMNT</Cd>
								<Fmly>
									<Cd>RCDT</Cd>
									<SubFmlyCd>AUTT</SubFmlyCd>
								</Fmly>
							</Domn>
						</BkTxCd>
						<RltdPties>
							<Dbtr>
								<Nm>PostFinance AG Testkto Softlab</Nm>
								<PstlAdr>
									<StrtNm>Mingerstrasse</StrtNm>
									<BldgNb>20</BldgNb>
									<PstCd>3030</PstCd>
									<TwnNm>Bern</TwnNm>
									<Ctry>CH</Ctry>
								</PstlAdr>
							</Dbtr>
							<DbtrAcct>
								<Id>
									<IBAN>CH9809000000503333225</IBAN>
								</Id>
							</DbtrAcct>
						</RltdPties>
						<RltdAgts>
							<DbtrAgt>
								<FinInstnId>
									<BICFI>POFICHBEXXX</BICFI>
									<Nm>POSTFINANCE AG</Nm>
									<PstlAdr>
										<AdrLine>MINGERSTRASSE 20</AdrLine>
										<AdrLine>3030 BERNE</AdrLine>
									</PstlAdr>
								</FinInstnId>
							</DbtrAgt>
						</RltdAgts>
						<RmtInf>
							<Strd>
								<CdtrRefInf>
									<Tp>
										<CdOrPrtry>
											<Prtry>ISR Reference</Prtry>
										</CdOrPrtry>
									</Tp>
									<Ref>000000000000000000000000672</Ref>
								</CdtrRefInf>
								<AddtlRmtInf>?REJECT?0</AddtlRmtInf>
							</Strd>
						</RmtInf>
						<RltdDts>
							<AccptncDtTm>2016-08-02T20:00:00</AccptncDtTm>
						</RltdDts>
					</TxDtls>
					<TxDtls>
						<Refs>
							<AcctSvcrRef>160802CH010M2G2M</AcctSvcrRef>
							<Prtry>
								<Tp>04</Tp>
								<Ref>20160629001221011500130</Ref>
							</Prtry>
						</Refs>
						<Amt Ccy="CHF">1.10</Amt>
						<CdtDbtInd>CRDT</CdtDbtInd>
						<BkTxCd>
							<Domn>
								<Cd>PMNT</Cd>
								<Fmly>
									<Cd>RCDT</Cd>
									<SubFmlyCd>DMCT</SubFmlyCd>
								</Fmly>
							</Domn>
						</BkTxCd>
						<Chrgs>
							<TtlChrgsAndTaxAmt Ccy="CHF">0.04</TtlChrgsAndTaxAmt>
							<Rcrd>
								<Amt Ccy="CHF">0.04</Amt>
								<CdtDbtInd>DBIT</CdtDbtInd>
								<ChrgInclInd>false</ChrgInclInd>
								<Tp>
									<Prtry>
										<Id>4</Id>
									</Prtry>
								</Tp>
							</Rcrd>
						</Chrgs>
						<RltdPties>
							<Dbtr>
								<Nm>PostFinance AG Testkto Softlab</Nm>
								<PstlAdr>
									<StrtNm>Mingerstrasse</StrtNm>
									<BldgNb>20</BldgNb>
									<PstCd>3030</PstCd>
									<TwnNm>Bern</TwnNm>
									<Ctry>CH</Ctry>
								</PstlAdr>
							</Dbtr>
							<DbtrAcct>
								<Id>
									<IBAN>CH9809000000503333225</IBAN>
								</Id>
							</DbtrAcct>
						</RltdPties>
						<RltdAgts>
							<DbtrAgt>
								<FinInstnId>
									<BICFI>POFICHBEXXX</BICFI>
									<Nm>POSTFINANCE AG</Nm>
									<PstlAdr>
										<AdrLine>MINGERSTRASSE 20</AdrLine>
										<AdrLine>3030 BERNE</AdrLine>
									</PstlAdr>
								</FinInstnId>
							</DbtrAgt>
						</RltdAgts>
						<RmtInf>
							<Strd>
								<CdtrRefInf>
									<Tp>
										<CdOrPrtry>
											<Prtry>ISR Reference</Prtry>
										</CdOrPrtry>
									</Tp>
									<Ref>000000000000000000000000664</Ref>
								</CdtrRefInf>
								<AddtlRmtInf>?REJECT?0</AddtlRmtInf>
							</Strd>
						</RmtInf>
						<RltdDts>
							<AccptncDtTm>2016-08-02T20:00:00</AccptncDtTm>
						</RltdDts>
					</TxDtls>
				</NtryDtls>
				<AddtlNtryInf>SAMMELGUTSCHRIFT ESR                    VERARBEITUNG VOM 02.08.2016             KUNDENNUMMER 01-101622-0                PAKET ID: 160802CH000001KY</AddtlNtryInf>
			</Ntry>
			<Ntry>
				<NtryRef>011016220</NtryRef>
				<Amt Ccy="CHF">10.40</Amt>
				<CdtDbtInd>CRDT</CdtDbtInd>
				<RvslInd>false</RvslInd>
				<Sts>BOOK</Sts>
				<BookgDt>
					<Dt>2016-08-03</Dt>
				</BookgDt>
				<ValDt>
					<Dt>2016-08-04</Dt>
				</ValDt>
				<AcctSvcrRef>20160804007602731125015000000012</AcctSvcrRef>
				<BkTxCd>
					<Domn>
						<Cd>PMNT</Cd>
						<Fmly>
							<Cd>RCDT</Cd>
							<SubFmlyCd>VCOM</SubFmlyCd>
						</Fmly>
					</Domn>
				</BkTxCd>
				<Chrgs>
					<TtlChrgsAndTaxAmt Ccy="CHF">1.92</TtlChrgsAndTaxAmt>
					<Rcrd>
						<Amt Ccy="CHF">1.80</Amt>
						<CdtDbtInd>DBIT</CdtDbtInd>
						<ChrgInclInd>false</ChrgInclInd>
						<Tp>
							<Prtry>
								<Id>2</Id>
							</Prtry>
						</Tp>
					</Rcrd>
					<Rcrd>
						<Amt Ccy="CHF">0.12</Amt>
						<CdtDbtInd>DBIT</CdtDbtInd>
						<ChrgInclInd>false</ChrgInclInd>
						<Tp>
							<Prtry>
								<Id>4</Id>
							</Prtry>
						</Tp>
					</Rcrd>
				</Chrgs>
				<NtryDtls>
					<Btch>
						<NbOfTxs>5</NbOfTxs>
					</Btch>
					<TxDtls>
						<Refs>
							<AcctSvcrRef>160803CH010RZ70S</AcctSvcrRef>
							<Prtry>
								<Tp>01</Tp>
								<Ref>160803CH010RZ70S</Ref>
							</Prtry>
						</Refs>
						<Amt Ccy="CHF">2.00</Amt>
						<CdtDbtInd>CRDT</CdtDbtInd>
						<BkTxCd>
							<Domn>
								<Cd>PMNT</Cd>
								<Fmly>
									<Cd>RCDT</Cd>
									<SubFmlyCd>ATXN</SubFmlyCd>
								</Fmly>
							</Domn>
						</BkTxCd>
						<RltdAgts>
							<DbtrAgt>
								<FinInstnId>
									<ClrSysMmbId>
										<MmbId>000048358</MmbId>
									</ClrSysMmbId>
									<Nm>Credit Suisse AG</Nm>
									<PstlAdr>
										<AdrLine>Paradeplatz 8</AdrLine>
										<AdrLine>8070 Zürich</AdrLine>
									</PstlAdr>
								</FinInstnId>
							</DbtrAgt>
						</RltdAgts>
						<RmtInf>
							<Strd>
								<CdtrRefInf>
									<Tp>
										<CdOrPrtry>
											<Prtry>ISR Reference</Prtry>
										</CdOrPrtry>
									</Tp>
									<Ref>000000000000000000000000701</Ref>
								</CdtrRefInf>
								<AddtlRmtInf>?REJECT?0</AddtlRmtInf>
							</Strd>
						</RmtInf>
						<RltdDts>
							<AccptncDtTm>2016-08-03T20:00:00</AccptncDtTm>
						</RltdDts>
					</TxDtls>
					<TxDtls>
						<Refs>
							<AcctSvcrRef>160803CH010S76U8</AcctSvcrRef>
							<Prtry>
								<Tp>04</Tp>
								<Ref>20160802353005000200064</Ref>
							</Prtry>
						</Refs>
						<Amt Ccy="CHF">1.60</Amt>
						<CdtDbtInd>CRDT</CdtDbtInd>
						<BkTxCd>
							<Domn>
								<Cd>PMNT</Cd>
								<Fmly>
									<Cd>CNTR</Cd>
									<SubFmlyCd>CDPT</SubFmlyCd>
								</Fmly>
							</Domn>
						</BkTxCd>
						<Chrgs>
							<TtlChrgsAndTaxAmt Ccy="CHF">0.94</TtlChrgsAndTaxAmt>
							<Rcrd>
								<Amt Ccy="CHF">0.90</Amt>
								<CdtDbtInd>DBIT</CdtDbtInd>
								<ChrgInclInd>false</ChrgInclInd>
								<Tp>
									<Prtry>
										<Id>2</Id>
									</Prtry>
								</Tp>
							</Rcrd>
							<Rcrd>
								<Amt Ccy="CHF">0.04</Amt>
								<CdtDbtInd>DBIT</CdtDbtInd>
								<ChrgInclInd>false</ChrgInclInd>
								<Tp>
									<Prtry>
										<Id>4</Id>
									</Prtry>
								</Tp>
							</Rcrd>
						</Chrgs>
						<RltdAgts>
							<DbtrAgt>
								<FinInstnId>
									<BICFI>POFICHBEXXX</BICFI>
									<Nm>POSTFINANCE AG</Nm>
									<PstlAdr>
										<AdrLine>MINGERSTRASSE 20</AdrLine>
										<AdrLine>3030 BERNE</AdrLine>
									</PstlAdr>
								</FinInstnId>
							</DbtrAgt>
						</RltdAgts>
						<RmtInf>
							<Strd>
								<CdtrRefInf>
									<Tp>
										<CdOrPrtry>
											<Prtry>ISR Reference</Prtry>
										</CdOrPrtry>
									</Tp>
									<Ref>000000000000000000000000693</Ref>
								</CdtrRefInf>
								<AddtlRmtInf>?REJECT?0</AddtlRmtInf>
							</Strd>
						</RmtInf>
						<RltdDts>
							<AccptncDtTm>2016-08-02T20:00:00</AccptncDtTm>
						</RltdDts>
					</TxDtls>
					<TxDtls>
						<Refs>
							<AcctSvcrRef>160803CH010S76U7</AcctSvcrRef>
							<Prtry>
								<Tp>04</Tp>
								<Ref>20160802353005000200062</Ref>
							</Prtry>
						</Refs>
						<Amt Ccy="CHF">1.50</Amt>
						<CdtDbtInd>CRDT</CdtDbtInd>
						<BkTxCd>
							<Domn>
								<Cd>PMNT</Cd>
								<Fmly>
									<Cd>CNTR</Cd>
									<SubFmlyCd>CDPT</SubFmlyCd>
								</Fmly>
							</Domn>
						</BkTxCd>
						<Chrgs>
							<TtlChrgsAndTaxAmt Ccy="CHF">0.94</TtlChrgsAndTaxAmt>
							<Rcrd>
								<Amt Ccy="CHF">0.90</Amt>
								<CdtDbtInd>DBIT</CdtDbtInd>
								<ChrgInclInd>false</ChrgInclInd>
								<Tp>
									<Prtry>
										<Id>2</Id>
									</Prtry>
								</Tp>
							</Rcrd>
							<Rcrd>
								<Amt Ccy="CHF">0.04</Amt>
								<CdtDbtInd>DBIT</CdtDbtInd>
								<ChrgInclInd>false</ChrgInclInd>
								<Tp>
									<Prtry>
										<Id>4</Id>
									</Prtry>
								</Tp>
							</Rcrd>
						</Chrgs>
						<RltdAgts>
							<DbtrAgt>
								<FinInstnId>
									<BICFI>POFICHBEXXX</BICFI>
									<Nm>POSTFINANCE AG</Nm>
									<PstlAdr>
										<AdrLine>MINGERSTRASSE 20</AdrLine>
										<AdrLine>3030 BERNE</AdrLine>
									</PstlAdr>
								</FinInstnId>
							</DbtrAgt>
						</RltdAgts>
						<RmtInf>
							<Strd>
								<CdtrRefInf>
									<Tp>
										<CdOrPrtry>
											<Prtry>ISR Reference</Prtry>
										</CdOrPrtry>
									</Tp>
									<Ref>000000000000000000000000688</Ref>
								</CdtrRefInf>
								<AddtlRmtInf>?REJECT?0</AddtlRmtInf>
							</Strd>
						</RmtInf>
						<RltdDts>
							<AccptncDtTm>2016-08-02T20:00:00</AccptncDtTm>
						</RltdDts>
					</TxDtls>
					<TxDtls>
						<Refs>
							<AcctSvcrRef>160803CH010RMDRL</AcctSvcrRef>
							<PmtInfId>ESR-03082016</PmtInfId>
							<EndToEndId>EndToEnd-4</EndToEndId>
							<Prtry>
								<Tp>01</Tp>
								<Ref>160803CH010RMDRL</Ref>
							</Prtry>
						</Refs>
						<Amt Ccy="CHF">3.20</Amt>
						<CdtDbtInd>CRDT</CdtDbtInd>
						<BkTxCd>
							<Domn>
								<Cd>PMNT</Cd>
								<Fmly>
									<Cd>RCDT</Cd>
									<SubFmlyCd>AUTT</SubFmlyCd>
								</Fmly>
							</Domn>
						</BkTxCd>
						<RltdPties>
							<Dbtr>
								<Nm>PostFinance AG Testkto Softlab</Nm>
								<PstlAdr>
									<StrtNm>Mingerstrasse</StrtNm>
									<BldgNb>20</BldgNb>
									<PstCd>3030</PstCd>
									<TwnNm>Bern</TwnNm>
									<Ctry>CH</Ctry>
								</PstlAdr>
							</Dbtr>
							<DbtrAcct>
								<Id>
									<IBAN>CH9809000000503333225</IBAN>
								</Id>
							</DbtrAcct>
						</RltdPties>
						<RltdAgts>
							<DbtrAgt>
								<FinInstnId>
									<BICFI>POFICHBEXXX</BICFI>
									<Nm>POSTFINANCE AG</Nm>
									<PstlAdr>
										<AdrLine>MINGERSTRASSE 20</AdrLine>
										<AdrLine>3030 BERNE</AdrLine>
									</PstlAdr>
								</FinInstnId>
							</DbtrAgt>
						</RltdAgts>
						<RmtInf>
							<Strd>
								<CdtrRefInf>
									<Tp>
										<CdOrPrtry>
											<Prtry>ISR Reference</Prtry>
										</CdOrPrtry>
									</Tp>
									<Ref>000000000000000000000000769</Ref>
								</CdtrRefInf>
								<AddtlRmtInf>?REJECT?0</AddtlRmtInf>
							</Strd>
						</RmtInf>
						<RltdDts>
							<AccptncDtTm>2016-08-03T20:00:00</AccptncDtTm>
						</RltdDts>
					</TxDtls>
					<TxDtls>
						<Refs>
							<AcctSvcrRef>160803CH010SDC5Y</AcctSvcrRef>
							<Prtry>
								<Tp>04</Tp>
								<Ref>20160629001221011500133</Ref>
							</Prtry>
						</Refs>
						<Amt Ccy="CHF">2.10</Amt>
						<CdtDbtInd>CRDT</CdtDbtInd>
						<BkTxCd>
							<Domn>
								<Cd>PMNT</Cd>
								<Fmly>
									<Cd>RCDT</Cd>
									<SubFmlyCd>DMCT</SubFmlyCd>
								</Fmly>
							</Domn>
						</BkTxCd>
						<Chrgs>
							<TtlChrgsAndTaxAmt Ccy="CHF">0.04</TtlChrgsAndTaxAmt>
							<Rcrd>
								<Amt Ccy="CHF">0.04</Amt>
								<CdtDbtInd>DBIT</CdtDbtInd>
								<ChrgInclInd>false</ChrgInclInd>
								<Tp>
									<Prtry>
										<Id>4</Id>
									</Prtry>
								</Tp>
							</Rcrd>
						</Chrgs>
						<RltdPties>
							<Dbtr>
								<Nm>PostFinance AG Testkto Softlab</Nm>
								<PstlAdr>
									<StrtNm>Mingerstrasse</StrtNm>
									<BldgNb>20</BldgNb>
									<PstCd>3030</PstCd>
									<TwnNm>Bern</TwnNm>
									<Ctry>CH</Ctry>
								</PstlAdr>
							</Dbtr>
							<DbtrAcct>
								<Id>
									<IBAN>CH9809000000503333225</IBAN>
								</Id>
							</DbtrAcct>
						</RltdPties>
						<RltdAgts>
							<DbtrAgt>
								<FinInstnId>
									<BICFI>POFICHBEXXX</BICFI>
									<Nm>POSTFINANCE AG</Nm>
									<PstlAdr>
										<AdrLine>MINGERSTRASSE 20</AdrLine>
										<AdrLine>3030 BERNE</AdrLine>
									</PstlAdr>
								</FinInstnId>
							</DbtrAgt>
						</RltdAgts>
						<RmtInf>
							<Strd>
								<CdtrRefInf>
									<Tp>
										<CdOrPrtry>
											<Prtry>ISR Reference</Prtry>
										</CdOrPrtry>
									</Tp>
									<Ref>000000000000000000000000716</Ref>
								</CdtrRefInf>
								<AddtlRmtInf>?REJECT?0</AddtlRmtInf>
							</Strd>
						</RmtInf>
						<RltdDts>
							<AccptncDtTm>2016-08-03T20:00:00</AccptncDtTm>
						</RltdDts>
					</TxDtls>
				</NtryDtls>
				<AddtlNtryInf>SAMMELGUTSCHRIFT ESR                    VERARBEITUNG VOM 03.08.2016             KUNDENNUMMER 01-101622-0                PAKET ID: 160803CH000000SZ</AddtlNtryInf>
			</Ntry>
			<Ntry>
				<NtryRef>011016220</NtryRef>
				<Amt Ccy="CHF">9.30</Amt>
				<CdtDbtInd>CRDT</CdtDbtInd>
				<RvslInd>false</RvslInd>
				<Sts>BOOK</Sts>
				<BookgDt>
					<Dt>2016-08-05</Dt>
				</BookgDt>
				<ValDt>
					<Dt>2016-08-08</Dt>
				</ValDt>
				<AcctSvcrRef>20160808007602749802033000000012</AcctSvcrRef>
				<BkTxCd>
					<Domn>
						<Cd>PMNT</Cd>
						<Fmly>
							<Cd>RCDT</Cd>
							<SubFmlyCd>VCOM</SubFmlyCd>
						</Fmly>
					</Domn>
				</BkTxCd>
				<Chrgs>
					<TtlChrgsAndTaxAmt Ccy="CHF">0.04</TtlChrgsAndTaxAmt>
					<Rcrd>
						<Amt Ccy="CHF">0.04</Amt>
						<CdtDbtInd>DBIT</CdtDbtInd>
						<ChrgInclInd>false</ChrgInclInd>
						<Tp>
							<Prtry>
								<Id>4</Id>
							</Prtry>
						</Tp>
					</Rcrd>
				</Chrgs>
				<NtryDtls>
					<Btch>
						<NbOfTxs>2</NbOfTxs>
					</Btch>
					<TxDtls>
						<Refs>
							<AcctSvcrRef>160805CH01125UOO</AcctSvcrRef>
							<PmtInfId>ESR-05082016</PmtInfId>
							<EndToEndId>EndToEnd-4</EndToEndId>
							<Prtry>
								<Tp>01</Tp>
								<Ref>160805CH01125UOO</Ref>
							</Prtry>
						</Refs>
						<Amt Ccy="CHF">5.20</Amt>
						<CdtDbtInd>CRDT</CdtDbtInd>
						<BkTxCd>
							<Domn>
								<Cd>PMNT</Cd>
								<Fmly>
									<Cd>RCDT</Cd>
									<SubFmlyCd>AUTT</SubFmlyCd>
								</Fmly>
							</Domn>
						</BkTxCd>
						<RltdPties>
							<Dbtr>
								<Nm>PostFinance AG Testkto Softlab</Nm>
								<PstlAdr>
									<StrtNm>Mingerstrasse</StrtNm>
									<BldgNb>20</BldgNb>
									<PstCd>3030</PstCd>
									<TwnNm>Bern</TwnNm>
									<Ctry>CH</Ctry>
								</PstlAdr>
							</Dbtr>
							<DbtrAcct>
								<Id>
									<IBAN>CH9809000000503333225</IBAN>
								</Id>
							</DbtrAcct>
						</RltdPties>
						<RltdAgts>
							<DbtrAgt>
								<FinInstnId>
									<BICFI>POFICHBEXXX</BICFI>
									<Nm>POSTFINANCE AG</Nm>
									<PstlAdr>
										<AdrLine>MINGERSTRASSE 20</AdrLine>
										<AdrLine>3030 BERNE</AdrLine>
									</PstlAdr>
								</FinInstnId>
							</DbtrAgt>
						</RltdAgts>
						<RmtInf>
							<Strd>
								<CdtrRefInf>
									<Tp>
										<CdOrPrtry>
											<Prtry>ISR Reference</Prtry>
										</CdOrPrtry>
									</Tp>
									<Ref>000000000000000000000000790</Ref>
								</CdtrRefInf>
								<AddtlRmtInf>?REJECT?0</AddtlRmtInf>
							</Strd>
						</RmtInf>
						<RltdDts>
							<AccptncDtTm>2016-08-05T20:00:00</AccptncDtTm>
						</RltdDts>
					</TxDtls>
					<TxDtls>
						<Refs>
							<AcctSvcrRef>160805CH01132RMK</AcctSvcrRef>
							<Prtry>
								<Tp>04</Tp>
								<Ref>20160629001221011500139</Ref>
							</Prtry>
						</Refs>
						<Amt Ccy="CHF">4.10</Amt>
						<CdtDbtInd>CRDT</CdtDbtInd>
						<BkTxCd>
							<Domn>
								<Cd>PMNT</Cd>
								<Fmly>
									<Cd>RCDT</Cd>
									<SubFmlyCd>DMCT</SubFmlyCd>
								</Fmly>
							</Domn>
						</BkTxCd>
						<Chrgs>
							<TtlChrgsAndTaxAmt Ccy="CHF">0.04</TtlChrgsAndTaxAmt>
							<Rcrd>
								<Amt Ccy="CHF">0.04</Amt>
								<CdtDbtInd>DBIT</CdtDbtInd>
								<ChrgInclInd>false</ChrgInclInd>
								<Tp>
									<Prtry>
										<Id>4</Id>
									</Prtry>
								</Tp>
							</Rcrd>
						</Chrgs>
						<RltdPties>
							<Dbtr>
								<Nm>PostFinance AG Testkto Softlab</Nm>
								<PstlAdr>
									<StrtNm>Mingerstrasse</StrtNm>
									<BldgNb>20</BldgNb>
									<PstCd>3030</PstCd>
									<TwnNm>Bern</TwnNm>
									<Ctry>CH</Ctry>
								</PstlAdr>
							</Dbtr>
							<DbtrAcct>
								<Id>
									<IBAN>CH9809000000503333225</IBAN>
								</Id>
							</DbtrAcct>
						</RltdPties>
						<RltdAgts>
							<DbtrAgt>
								<FinInstnId>
									<BICFI>POFICHBEXXX</BICFI>
									<Nm>POSTFINANCE AG</Nm>
									<PstlAdr>
										<AdrLine>MINGERSTRASSE 20</AdrLine>
										<AdrLine>3030 BERNE</AdrLine>
									</PstlAdr>
								</FinInstnId>
							</DbtrAgt>
						</RltdAgts>
						<RmtInf>
							<Strd>
								<CdtrRefInf>
									<Tp>
										<CdOrPrtry>
											<Prtry>ISR Reference</Prtry>
										</CdOrPrtry>
									</Tp>
									<Ref>000000000000000000000000777</Ref>
								</CdtrRefInf>
								<AddtlRmtInf>?REJECT?0</AddtlRmtInf>
							</Strd>
						</RmtInf>
						<RltdDts>
							<AccptncDtTm>2016-08-05T20:00:00</AccptncDtTm>
						</RltdDts>
					</TxDtls>
				</NtryDtls>
				<AddtlNtryInf>SAMMELGUTSCHRIFT ESR                    VERARBEITUNG VOM 05.08.2016             KUNDENNUMMER 01-101622-0                PAKET ID: 160805CH000000R9</AddtlNtryInf>
			</Ntry>
			<Ntry>
				<NtryRef>011016220</NtryRef>
				<Amt Ccy="CHF">12.40</Amt>
				<CdtDbtInd>CRDT</CdtDbtInd>
				<RvslInd>false</RvslInd>
				<Sts>BOOK</Sts>
				<BookgDt>
					<Dt>2016-08-04</Dt>
				</BookgDt>
				<ValDt>
					<Dt>2016-08-05</Dt>
				</ValDt>
				<AcctSvcrRef>20160805007602739773025000000012</AcctSvcrRef>
				<BkTxCd>
					<Domn>
						<Cd>PMNT</Cd>
						<Fmly>
							<Cd>RCDT</Cd>
							<SubFmlyCd>VCOM</SubFmlyCd>
						</Fmly>
					</Domn>
				</BkTxCd>
				<Chrgs>
					<TtlChrgsAndTaxAmt Ccy="CHF">1.92</TtlChrgsAndTaxAmt>
					<Rcrd>
						<Amt Ccy="CHF">1.80</Amt>
						<CdtDbtInd>DBIT</CdtDbtInd>
						<ChrgInclInd>false</ChrgInclInd>
						<Tp>
							<Prtry>
								<Id>2</Id>
							</Prtry>
						</Tp>
					</Rcrd>
					<Rcrd>
						<Amt Ccy="CHF">0.12</Amt>
						<CdtDbtInd>DBIT</CdtDbtInd>
						<ChrgInclInd>false</ChrgInclInd>
						<Tp>
							<Prtry>
								<Id>4</Id>
							</Prtry>
						</Tp>
					</Rcrd>
				</Chrgs>
				<NtryDtls>
					<Btch>
						<NbOfTxs>4</NbOfTxs>
					</Btch>
					<TxDtls>
						<Refs>
							<AcctSvcrRef>160804CH010WXIAJ</AcctSvcrRef>
							<PmtInfId>ESR-04082016</PmtInfId>
							<EndToEndId>EndToEnd-4</EndToEndId>
							<Prtry>
								<Tp>01</Tp>
								<Ref>160804CH010WXIAJ</Ref>
							</Prtry>
						</Refs>
						<Amt Ccy="CHF">4.20</Amt>
						<CdtDbtInd>CRDT</CdtDbtInd>
						<BkTxCd>
							<Domn>
								<Cd>PMNT</Cd>
								<Fmly>
									<Cd>RCDT</Cd>
									<SubFmlyCd>AUTT</SubFmlyCd>
								</Fmly>
							</Domn>
						</BkTxCd>
						<RltdPties>
							<Dbtr>
								<Nm>PostFinance AG Testkto Softlab</Nm>
								<PstlAdr>
									<StrtNm>Mingerstrasse</StrtNm>
									<BldgNb>20</BldgNb>
									<PstCd>3030</PstCd>
									<TwnNm>Bern</TwnNm>
									<Ctry>CH</Ctry>
								</PstlAdr>
							</Dbtr>
							<DbtrAcct>
								<Id>
									<IBAN>CH9809000000503333225</IBAN>
								</Id>
							</DbtrAcct>
						</RltdPties>
						<RltdAgts>
							<DbtrAgt>
								<FinInstnId>
									<BICFI>POFICHBEXXX</BICFI>
									<Nm>POSTFINANCE AG</Nm>
									<PstlAdr>
										<AdrLine>MINGERSTRASSE 20</AdrLine>
										<AdrLine>3030 BERNE</AdrLine>
									</PstlAdr>
								</FinInstnId>
							</DbtrAgt>
						</RltdAgts>
						<RmtInf>
							<Strd>
								<CdtrRefInf>
									<Tp>
										<CdOrPrtry>
											<Prtry>ISR Reference</Prtry>
										</CdOrPrtry>
									</Tp>
									<Ref>000000000000000000000000785</Ref>
								</CdtrRefInf>
								<AddtlRmtInf>?REJECT?0</AddtlRmtInf>
							</Strd>
						</RmtInf>
						<RltdDts>
							<AccptncDtTm>2016-08-04T20:00:00</AccptncDtTm>
						</RltdDts>
					</TxDtls>
					<TxDtls>
						<Refs>
							<AcctSvcrRef>160804CH010XI17X</AcctSvcrRef>
							<Prtry>
								<Tp>04</Tp>
								<Ref>20160629001221011500136</Ref>
							</Prtry>
						</Refs>
						<Amt Ccy="CHF">3.10</Amt>
						<CdtDbtInd>CRDT</CdtDbtInd>
						<BkTxCd>
							<Domn>
								<Cd>PMNT</Cd>
								<Fmly>
									<Cd>RCDT</Cd>
									<SubFmlyCd>DMCT</SubFmlyCd>
								</Fmly>
							</Domn>
						</BkTxCd>
						<Chrgs>
							<TtlChrgsAndTaxAmt Ccy="CHF">0.04</TtlChrgsAndTaxAmt>
							<Rcrd>
								<Amt Ccy="CHF">0.04</Amt>
								<CdtDbtInd>DBIT</CdtDbtInd>
								<ChrgInclInd>false</ChrgInclInd>
								<Tp>
									<Prtry>
										<Id>4</Id>
									</Prtry>
								</Tp>
							</Rcrd>
						</Chrgs>
						<RltdPties>
							<Dbtr>
								<Nm>PostFinance AG Testkto Softlab</Nm>
								<PstlAdr>
									<StrtNm>Mingerstrasse</StrtNm>
									<BldgNb>20</BldgNb>
									<PstCd>3030</PstCd>
									<TwnNm>Bern</TwnNm>
									<Ctry>CH</Ctry>
								</PstlAdr>
							</Dbtr>
							<DbtrAcct>
								<Id>
									<IBAN>CH9809000000503333225</IBAN>
								</Id>
							</DbtrAcct>
						</RltdPties>
						<RltdAgts>
							<DbtrAgt>
								<FinInstnId>
									<BICFI>POFICHBEXXX</BICFI>
									<Nm>POSTFINANCE AG</Nm>
									<PstlAdr>
										<AdrLine>MINGERSTRASSE 20</AdrLine>
										<AdrLine>3030 BERNE</AdrLine>
									</PstlAdr>
								</FinInstnId>
							</DbtrAgt>
						</RltdAgts>
						<RmtInf>
							<Strd>
								<CdtrRefInf>
									<Tp>
										<CdOrPrtry>
											<Prtry>ISR Reference</Prtry>
										</CdOrPrtry>
									</Tp>
									<Ref>000000000000000000000000753</Ref>
								</CdtrRefInf>
								<AddtlRmtInf>?REJECT?0</AddtlRmtInf>
							</Strd>
						</RmtInf>
						<RltdDts>
							<AccptncDtTm>2016-08-04T20:00:00</AccptncDtTm>
						</RltdDts>
					</TxDtls>
					<TxDtls>
						<Refs>
							<AcctSvcrRef>160804CH010XDU43</AcctSvcrRef>
							<Prtry>
								<Tp>04</Tp>
								<Ref>20160803353005000100035</Ref>
							</Prtry>
						</Refs>
						<Amt Ccy="CHF">2.60</Amt>
						<CdtDbtInd>CRDT</CdtDbtInd>
						<BkTxCd>
							<Domn>
								<Cd>PMNT</Cd>
								<Fmly>
									<Cd>CNTR</Cd>
									<SubFmlyCd>CDPT</SubFmlyCd>
								</Fmly>
							</Domn>
						</BkTxCd>
						<Chrgs>
							<TtlChrgsAndTaxAmt Ccy="CHF">0.94</TtlChrgsAndTaxAmt>
							<Rcrd>
								<Amt Ccy="CHF">0.90</Amt>
								<CdtDbtInd>DBIT</CdtDbtInd>
								<ChrgInclInd>false</ChrgInclInd>
								<Tp>
									<Prtry>
										<Id>2</Id>
									</Prtry>
								</Tp>
							</Rcrd>
							<Rcrd>
								<Amt Ccy="CHF">0.04</Amt>
								<CdtDbtInd>DBIT</CdtDbtInd>
								<ChrgInclInd>false</ChrgInclInd>
								<Tp>
									<Prtry>
										<Id>4</Id>
									</Prtry>
								</Tp>
							</Rcrd>
						</Chrgs>
						<RltdAgts>
							<DbtrAgt>
								<FinInstnId>
									<BICFI>POFICHBEXXX</BICFI>
									<Nm>POSTFINANCE AG</Nm>
									<PstlAdr>
										<AdrLine>MINGERSTRASSE 20</AdrLine>
										<AdrLine>3030 BERNE</AdrLine>
									</PstlAdr>
								</FinInstnId>
							</DbtrAgt>
						</RltdAgts>
						<RmtInf>
							<Strd>
								<CdtrRefInf>
									<Tp>
										<CdOrPrtry>
											<Prtry>ISR Reference</Prtry>
										</CdOrPrtry>
									</Tp>
									<Ref>000000000000000000000000748</Ref>
								</CdtrRefInf>
								<AddtlRmtInf>?REJECT?0</AddtlRmtInf>
							</Strd>
						</RmtInf>
						<RltdDts>
							<AccptncDtTm>2016-08-03T20:00:00</AccptncDtTm>
						</RltdDts>
					</TxDtls>
					<TxDtls>
						<Refs>
							<AcctSvcrRef>160804CH010XDU42</AcctSvcrRef>
							<Prtry>
								<Tp>04</Tp>
								<Ref>20160803353005000100033</Ref>
							</Prtry>
						</Refs>
						<Amt Ccy="CHF">2.50</Amt>
						<CdtDbtInd>CRDT</CdtDbtInd>
						<BkTxCd>
							<Domn>
								<Cd>PMNT</Cd>
								<Fmly>
									<Cd>CNTR</Cd>
									<SubFmlyCd>CDPT</SubFmlyCd>
								</Fmly>
							</Domn>
						</BkTxCd>
						<Chrgs>
							<TtlChrgsAndTaxAmt Ccy="CHF">0.94</TtlChrgsAndTaxAmt>
							<Rcrd>
								<Amt Ccy="CHF">0.90</Amt>
								<CdtDbtInd>DBIT</CdtDbtInd>
								<ChrgInclInd>false</ChrgInclInd>
								<Tp>
									<Prtry>
										<Id>2</Id>
									</Prtry>
								</Tp>
							</Rcrd>
							<Rcrd>
								<Amt Ccy="CHF">0.04</Amt>
								<CdtDbtInd>DBIT</CdtDbtInd>
								<ChrgInclInd>false</ChrgInclInd>
								<Tp>
									<Prtry>
										<Id>4</Id>
									</Prtry>
								</Tp>
							</Rcrd>
						</Chrgs>
						<RltdAgts>
							<DbtrAgt>
								<FinInstnId>
									<BICFI>POFICHBEXXX</BICFI>
									<Nm>POSTFINANCE AG</Nm>
									<PstlAdr>
										<AdrLine>MINGERSTRASSE 20</AdrLine>
										<AdrLine>3030 BERNE</AdrLine>
									</PstlAdr>
								</FinInstnId>
							</DbtrAgt>
						</RltdAgts>
						<RmtInf>
							<Strd>
								<CdtrRefInf>
									<Tp>
										<CdOrPrtry>
											<Prtry>ISR Reference</Prtry>
										</CdOrPrtry>
									</Tp>
									<Ref>000000000000000000000000732</Ref>
								</CdtrRefInf>
								<AddtlRmtInf>?REJECT?0</AddtlRmtInf>
							</Strd>
						</RmtInf>
						<RltdDts>
							<AccptncDtTm>2016-08-03T20:00:00</AccptncDtTm>
						</RltdDts>
					</TxDtls>
				</NtryDtls>
				<AddtlNtryInf>SAMMELGUTSCHRIFT ESR                    VERARBEITUNG VOM 04.08.2016             KUNDENNUMMER 01-101622-0                PAKET ID: 160804CH0000010Y</AddtlNtryInf>
			</Ntry>
			<Ntry>
				<NtryRef>011016220</NtryRef>
				<Amt Ccy="CHF">5.30</Amt>
				<CdtDbtInd>DBIT</CdtDbtInd>
				<RvslInd>true</RvslInd>
				<Sts>BOOK</Sts>
				<BookgDt>
					<Dt>2016-08-04</Dt>
				</BookgDt>
				<ValDt>
					<Dt>2016-08-05</Dt>
				</ValDt>
				<AcctSvcrRef>20160805007602739209013000000002</AcctSvcrRef>
				<BkTxCd>
					<Domn>
						<Cd>PMNT</Cd>
						<Fmly>
							<Cd>RCDT</Cd>
							<SubFmlyCd>CAJT</SubFmlyCd>
						</Fmly>
					</Domn>
				</BkTxCd>
				<NtryDtls>
					<Btch>
						<NbOfTxs>4</NbOfTxs>
					</Btch>
					<TxDtls>
						<Refs>
							<AcctSvcrRef>RET_160803CH010RZ70S</AcctSvcrRef>
							<Prtry>
								<Tp>01</Tp>
								<Ref>RET_160803CH010RZ70S</Ref>
							</Prtry>
						</Refs>
						<Amt Ccy="CHF">2.00</Amt>
						<CdtDbtInd>DBIT</CdtDbtInd>
						<BkTxCd>
							<Domn>
								<Cd>PMNT</Cd>
								<Fmly>
									<Cd>RCDT</Cd>
									<SubFmlyCd>CAJT</SubFmlyCd>
								</Fmly>
							</Domn>
						</BkTxCd>
						<RmtInf>
							<Strd>
								<CdtrRefInf>
									<Ref>000000000000000000000000701</Ref>
								</CdtrRefInf>
							</Strd>
						</RmtInf>
						<RltdDts>
							<AccptncDtTm>2016-08-03T20:00:00</AccptncDtTm>
						</RltdDts>
						<RtrInf>
							<Rsn>
								<Cd>NARR</Cd>
							</Rsn>
							<AddtlInf>Umbuchung GEMÄSS AUFTRAG MARC STADELMANN PF24</AddtlInf>
						</RtrInf>
					</TxDtls>
					<TxDtls>
						<Refs>
							<AcctSvcrRef>RET_160802CH010KW3UD</AcctSvcrRef>
							<Prtry>
								<Tp>01</Tp>
								<Ref>RET_160802CH010KW3UD</Ref>
							</Prtry>
						</Refs>
						<Amt Ccy="CHF">1.20</Amt>
						<CdtDbtInd>DBIT</CdtDbtInd>
						<BkTxCd>
							<Domn>
								<Cd>PMNT</Cd>
								<Fmly>
									<Cd>RCDT</Cd>
									<SubFmlyCd>CAJT</SubFmlyCd>
								</Fmly>
							</Domn>
						</BkTxCd>
						<RltdPties>
							<Cdtr>
								<Nm>PostFinance AG Testkto Softlab</Nm>
								<PstlAdr>
									<AdrLine>Mingerstrasse 20</AdrLine>
									<AdrLine>3030 Bern</AdrLine>
								</PstlAdr>
							</Cdtr>
							<CdtrAcct>
								<Id>
									<IBAN>CH9809000000503333225</IBAN>
								</Id>
							</CdtrAcct>
						</RltdPties>
						<RmtInf>
							<Strd>
								<CdtrRefInf>
									<Ref>000000000000000000000000672</Ref>
								</CdtrRefInf>
							</Strd>
						</RmtInf>
						<RltdDts>
							<AccptncDtTm>2016-08-02T20:00:00</AccptncDtTm>
						</RltdDts>
						<RtrInf>
							<Rsn>
								<Cd>NARR</Cd>
							</Rsn>
							<AddtlInf>RÜCKLEITUNG GEMÄSS AUFTRAG MARC STADELMANN PF24</AddtlInf>
						</RtrInf>
					</TxDtls>
					<TxDtls>
						<Refs>
							<AcctSvcrRef>RET_160802CH010LJ8RN</AcctSvcrRef>
							<Prtry>
								<Tp>01</Tp>
								<Ref>RET_160802CH010LJ8RN</Ref>
							</Prtry>
						</Refs>
						<Amt Ccy="CHF">1.00</Amt>
						<CdtDbtInd>DBIT</CdtDbtInd>
						<BkTxCd>
							<Domn>
								<Cd>PMNT</Cd>
								<Fmly>
									<Cd>RCDT</Cd>
									<SubFmlyCd>CAJT</SubFmlyCd>
								</Fmly>
							</Domn>
						</BkTxCd>
						<RmtInf>
							<Strd>
								<CdtrRefInf>
									<Ref>000000000000000000000000656</Ref>
								</CdtrRefInf>
							</Strd>
						</RmtInf>
						<RltdDts>
							<AccptncDtTm>2016-08-02T20:00:00</AccptncDtTm>
						</RltdDts>
						<RtrInf>
							<Rsn>
								<Cd>NARR</Cd>
							</Rsn>
							<AddtlInf>RÜCKLEITUNG GEMÄSS AUFTRAG MARC STADELMANN PF24</AddtlInf>
						</RtrInf>
					</TxDtls>
					<TxDtls>
						<Refs>
							<AcctSvcrRef>RET_160802CH010M2G2M</AcctSvcrRef>
							<Prtry>
								<Tp>01</Tp>
								<Ref>20160629001221011500130</Ref>
							</Prtry>
						</Refs>
						<Amt Ccy="CHF">1.10</Amt>
						<CdtDbtInd>DBIT</CdtDbtInd>
						<BkTxCd>
							<Domn>
								<Cd>PMNT</Cd>
								<Fmly>
									<Cd>RCDT</Cd>
									<SubFmlyCd>CAJT</SubFmlyCd>
								</Fmly>
							</Domn>
						</BkTxCd>
						<RltdPties>
							<Cdtr>
								<Nm>PostFinance AG Testkto Softlab</Nm>
								<PstlAdr>
									<AdrLine>Mingerstrasse 20</AdrLine>
									<AdrLine>3030 Bern</AdrLine>
								</PstlAdr>
							</Cdtr>
							<CdtrAcct>
								<Id>
									<IBAN>CH9809000000503333225</IBAN>
								</Id>
							</CdtrAcct>
						</RltdPties>
						<RmtInf>
							<Strd>
								<CdtrRefInf>
									<Ref>000000000000000000000000664</Ref>
								</CdtrRefInf>
							</Strd>
						</RmtInf>
						<RltdDts>
							<AccptncDtTm>2016-08-02T20:00:00</AccptncDtTm>
						</RltdDts>
						<RtrInf>
							<Rsn>
								<Cd>NARR</Cd>
							</Rsn>
							<AddtlInf>RÜCKLEITUNG GEMÄSS AUFTRAG MARC STADELMANN PF24</AddtlInf>
						</RtrInf>
					</TxDtls>
				</NtryDtls>
				<AddtlNtryInf>SAMMELLASTSCHRIFT FÜR STORNI ESR        VERARBEITUNG VOM 04.08.2016             KUNDENNUMMER 01-101622-0                PAKET ID: 160804CH000000V0</AddtlNtryInf>
			</Ntry>
		</Ntfctn>
	</BkToCstmrDbtCdtNtfctn>
</Document>
