<?xml version="1.0" encoding="UTF-8"?>
<Document xmlns="urn:iso:std:iso:20022:tech:xsd:camt.054.001.04" xmlns:xsi="http://www.w3.org/2001/XMLSchema-instance" xsi:schemaLocation="urn:iso:std:iso:20022:tech:xsd:camt.054.001.04 camt.054.001.04.xsd"><BkToCstmrDbtCdtNtfctn><GrpHdr><MsgId>20161014375204000149143</MsgId><CreDtTm>2016-10-14T23:01:25</CreDtTm><MsgPgntn><PgNb>1</PgNb><LastPgInd>true</LastPgInd></MsgPgntn><AddtlInf>Productive</AddtlInf></GrpHdr><Ntfctn><Id>20161014375204000149142</Id><CreDtTm>2016-10-14T23:01:25</CreDtTm><FrToDt><FrDtTm>2016-10-08T00:00:00</FrDtTm><ToDtTm>2016-10-14T23:59:59</ToDtTm></FrToDt><Acct><Id><IBAN>CH2409000000504444334</IBAN></Id><Ownr><Nm>PostFinance AG TestkontoPFAG PF24 Softlab 3 Bern</Nm></Ownr></Acct><Ntry><NtryRef>011016220</NtryRef><Amt Ccy="CHF">2.60</Amt><CdtDbtInd>DBIT</CdtDbtInd><RvslInd>true</RvslInd><Sts>BOOK</Sts><BookgDt><Dt>2016-10-10</Dt></BookgDt><ValDt><Dt>2016-10-11</Dt></ValDt><AcctSvcrRef>20161011007602799914013000000002</AcctSvcrRef><BkTxCd><Domn><Cd>PMNT</Cd><Fmly><Cd>RCDT</Cd><SubFmlyCd>CAJT</SubFmlyCd></Fmly></Domn></BkTxCd><NtryDtls><Btch><NbOfTxs>1</NbOfTxs></Btch><TxDtls><Refs><AcctSvcrRef>RET_160804CH010XDU43</AcctSvcrRef><Prtry><Tp>01</Tp><Ref>20160803353005000100035</Ref></Prtry></Refs><Amt Ccy="CHF">2.60</Amt><CdtDbtInd>DBIT</CdtDbtInd><BkTxCd><Domn><Cd>PMNT</Cd><Fmly><Cd>CNTR</Cd><SubFmlyCd>CAJT</SubFmlyCd></Fmly></Domn></BkTxCd><RmtInf><Strd><CdtrRefInf><Ref>000000000000000000000000748</Ref></CdtrRefInf></Strd></RmtInf><RltdDts><AccptncDtTm>2016-08-03T20:00:00</AccptncDtTm></RltdDts><RtrInf><Rsn><Cd>NARR</Cd></Rsn><AddtlInf>Wiederversand mit korr. Ref.Nr. im Auftrag L.Muci, PF24</AddtlInf></RtrInf></TxDtls></NtryDtls><AddtlNtryInf>SAMMELLASTSCHRIFT FÜR STORNI ESR        VERARBEITUNG VOM 10.10.2016             KUNDENNUMMER 01-101622-0                PAKET ID: 161010CH0000013N</AddtlNtryInf></Ntry><Ntry><NtryRef>011016220</NtryRef><Amt Ccy="CHF">2.60</Amt><CdtDbtInd>CRDT</CdtDbtInd><RvslInd>false</RvslInd><Sts>BOOK</Sts><BookgDt><Dt>2016-10-10</Dt></BookgDt><ValDt><Dt>2016-10-11</Dt></ValDt><AcctSvcrRef>20161011007602700274034000000012</AcctSvcrRef><BkTxCd><Domn><Cd>PMNT</Cd><Fmly><Cd>RCDT</Cd><SubFmlyCd>VCOM</SubFmlyCd></Fmly></Domn></BkTxCd><NtryDtls><Btch><NbOfTxs>1</NbOfTxs></Btch><TxDtls><Refs><AcctSvcrRef>161010CH018MV9K4</AcctSvcrRef><Prtry><Tp>01</Tp><Ref>20160803353005000100035</Ref></Prtry></Refs><Amt Ccy="CHF">2.60</Amt><CdtDbtInd>CRDT</CdtDbtInd><BkTxCd><Domn><Cd>PMNT</Cd><Fmly><Cd>CNTR</Cd><SubFmlyCd>CDPT</SubFmlyCd></Fmly></Domn></BkTxCd><RltdAgts><DbtrAgt><FinInstnId><BICFI>POFICHBEXXX</BICFI><Nm>POSTFINANCE AG</Nm><PstlAdr><AdrLine>MINGERSTRASSE 20</AdrLine><AdrLine>3030 BERNE</AdrLine></PstlAdr></FinInstnId></DbtrAgt></RltdAgts><RmtInf><Strd><CdtrRefInf><Ref>000000000000000000000001013</Ref></CdtrRefInf></Strd></RmtInf><RltdDts><AccptncDtTm>2016-08-03T20:00:00</AccptncDtTm></RltdDts></TxDtls></NtryDtls><AddtlNtryInf>SAMMELGUTSCHRIFT FÜR KORREKTUREN ESR    VERARBEITUNG VOM 10.10.2016             KUNDENNUMMER 01-101622-0                PAKET ID: 161010CH000001D5</AddtlNtryInf></Ntry></Ntfctn></BkToCstmrDbtCdtNtfctn></Document>
