00201101622000000000000000000000000065600000001000000  000016080216080216080300000000000000000000000
00201101622000000000000000000000000072400000002200000  000016080216080216080300000000000000000000000
00201101622000000000000000000000000067200000001200000  000016080216080216080300000000000000000000000
13201101622000000000000000000000000066400000001100000  000016080216080216080300000000000000000000004
00201101622000000000000000000000000070100000002000000  000016080316080316080400000000000000000000000
11201101622000000000000000000000000069300000001600000  000016080216080316080400000000000000000000094
11201101622000000000000000000000000068800000001500000  000016080216080316080400000000000000000000094
00201101622000000000000000000000000076900000003200000  000016080316080316080400000000000000000000000
13201101622000000000000000000000000071600000002100000  000016080316080316080400000000000000000000004
00201101622000000000000000000000000079000000005200000  000016080516080516080800000000000000000000000
13201101622000000000000000000000000077700000004100000  000016080516080516080800000000000000000000004
00201101622000000000000000000000000078500000004200000  000016080416080416080500000000000000000000000
13201101622000000000000000000000000075300000003100000  000016080416080416080500000000000000000000004
11201101622000000000000000000000000074800000002600000  000016080316080416080500000000000000000000094
11201101622000000000000000000000000073200000002500000  000016080316080416080500000000000000000000094
999011016220999999999999999999999999999000000003760000000000015160802000000392000000000             